2392 4298
136 510 200 565 VIII
539 507 744 563 PRAEFATIO

132 697 200 738 rum
218 669 267 760 (ex
286 671 436 759 33888888)
457 683 541 737 eram
557 679 603 737 188
619 679 738 750 infinita
757 678 843 737 831888
859 671 1001 755 9888883)
1040 676 1150 746 Quam-

134 787 224 870 quam
245 788 293 828 res
315 769 360 827 ita
383 786 413 827 88
436 768 535 839 habet,
557 770 658 827 tamen
677 758 707 825 R
724 785 784 827 non
802 786 917 844 semper
934 767 1076 844 indignus
1095 770 1149 839 est,

133 859 186 933 qui
213 857 252 917 ad
273 859 364 918 crisin
387 856 583 917 factitandum
606 856 796 930 adhibeatur,
823 860 858 916 ut
880 856 1019 931 111,8,
1045 858 1149 930 14,1,

135 944 1149 1021 15,31113‚132230111213316231v1231423

135 1036 185 1109 16,
196 1035 343 1110 3113,,3
357 990 733 1111 8,4,10,11,31,1781
765 1035 872 1111 Itaque
887 1052 1023 1109 quamvis
1038 1035 1148 1094 multas

132 1125 195 1184 eius
222 1124 363 1184 lectiones
391 1125 554 1198 omiserim,
581 1127 682 1184 tamen
709 1124 804 1183 malui
828 1125 945 1200 copiam
968 1142 1059 1200 quam
1082 1143 1149 1202 ege·

131 1215 241 1272 statem
264 1215 436 1290 vituperari.

198 1302 264 1362 Hoc
286 1302 385 1362 codice
408 1305 529 1362 interIm
552 1302 668 1361 abiecto
691 1304 717 1361 si
740 1302 778 1361 ad
801 1302 876 1361 81188
896 1301 1027 1361 eiusdem
1046 1303 1148 1378 stirpis

131 1390 223 1451 libros
241 1392 341 1453 oculos
360 1391 514 1465 flectimus,
533 1394 611 1451 certe
631 1394 727 1451 maius
744 1393 874 1467 pretium
892 1390 987 1450 codici
1001 1390 1148 1450 Vaticano

130 1480 218 1552 18883,
240 1482 294 1556 qui
316 1482 476 1540 maximam
494 1481 565 1540 libri
583 1480 641 1538 VII
660 1483 776 1556 partem
795 1481 874 1539 solus
893 1480 998 1554 tradit3
1021 1481 1059 1539 iis
1079 1499 1148 1539 vero

130 1570 163 1627 18
195 1569 292 1642 libr-Is,
324 1569 376 1629 ubi
408 1574 568 1645 utrumque
598 1587 743 1629 arcessere
771 1569 855 1642 licet,
887 1568 1042 1645 paululum
1071 1569 1149 1627 cedit

131 1660 311 1717 auctoritate
334 1658 429 1718 codici
451 1651 484 1732 P,
512 1662 547 1716 ut
569 1658 584 1716 1
605 1661 655 1731 11,
675 1660 708 1732 3,
729 1659 762 1733 6,
784 1660 833 1731 19,
854 1659 886 1731 ’1,
906 1659 957 1729 35,
978 1660 996 1716 5
1021 1656 1051 1715 Π
1068 1661 1097 1731 3,
1115 1661 1147 1731 3,

133 1749 184 1820 13,
204 1749 237 1822 4,
263 1748 313 1820 16,
333 1750 366 1822 3,
391 1748 504 1820 33,19
528 1747 675 1823 1114,1;
701 1748 729 1820 7,
749 1748 783 1822 83
807 1749 840 1823 93
867 1747 1147 1821 163173183193

131 1835 413 1911 8,8,16,1,19,3
433 1835 920 1911 Ν1,301111,13,14,1181,,
939 1838 1061 1912 superat
1080 1855 1148 1895 eum

130 1927 231 1991 tamen
258 1928 289 1983 in
317 1924 446 1985 Graecis.
491 1925 570 1985 Nam
596 1924 724 1984 Graecae
752 1925 872 2002 linguae
900 1927 966 1998 aut,
994 1944 1030 1983 ne
1058 1927 1147 1984 nimis

131 2013 262 2088 laudem,
289 2013 469 2074 Graecarum
496 2015 673 2073 litterarum·
694 2014 816 2074 librario
840 2014 950 2074 codicis
973 2006 1001 2072 R
1024 2016 1149 2090 peritior

131 2103 227 2162 scriba
249 2103 319 2162 libri
338 2095 364 2162 P
386 2107 487 2163 tamen
508 2103 578 2163 inde
602 2123 620 2162 a
638 2102 724 2162 1123
748 2105 781 2162 18
804 2104 846 2162 818
868 2102 1024 2163 reddendis
1047 2103 1147 2162 taedio

130 2191 218 2251 188118
246 2196 350 2269 captus
378 2196 409 2252 et
436 2192 617 2270 defatigatus
645 2192 746 2251 labore
769 2191 961 2269 depingendi,
988 2210 1065 2267 quae
1088 2208 1145 2250 non

129 2281 336 2359 intellegebat,
366 2282 418 2340 ubi
444 2282 593 2359 longiores
620 2284 814 2341 Inveniuntur
840 2282 1005 2341 sententiae
1033 2300 1147 2341 versus·

131 2389 197 2444 que,
219 2371 251 2429 in
274 2372 379 2447 primIs
402 2371 511 2431 litteris
535 2371 677 2443 substitit,
701 2373 789 2430 utin
807 2370 919 2430 3811388
938 2369 1149 2430 recurrendum

130 2460 171 2517 sit
196 2459 234 2517 ad
255 2458 366 2518 librum
388 2452 417 2518 V
440 2462 513 2520 satis
536 2464 636 2519 tamen
660 2462 691 2519 et
712 2461 811 2537 ipsum
834 2461 981 2536 corruptis
1004 2460 1149 2519 confusis-

130 2565 188 2621 que
203 2548 300 2608 verbis
314 2548 482 2624 litterIsque
496 2551 665 2608 scatentem.
698 2547 830 2617 Quorum
838 2567 982 2626 magnum
992 2567 1148 2608 numerum

130 2636 222 2695 editio
245 2635 407 2696 Hertaiana
429 2638 565 2713 praebet,
588 2657 714 2714 parvum
737 2636 872 2714 equidem
896 2639 1024 2712 repetivi
1045 2638 1078 2695 18
1101 2638 1148 2697 318

130 2725 249 2785 lectoris
272 2726 365 2785 oculis
389 2729 419 2785 et
441 2728 570 2803 tempori
591 2744 723 2803 parcens.
795 2743 798 2749 ’

196 2813 252 2874 His
275 2815 370 2874 tribus
394 2815 543 2874 codIcibus
566 2835 601 2874 er
620 2815 743 2875 adverso
762 2817 824 2875 8383
841 2816 1067 2891 antiquissimus
1085 2834 1147 2876 om·

130 2905 213 2961 nium
244 2903 333 2975 liber,
366 2905 448 2964 cuins
478 2905 558 2981 quod
584 2904 681 2963 lacera
708 2906 827 2963 tantum
855 2905 1023 2982 fragmenta
1050 2903 1148 2963 adbuc

130 2994 256 3067 exstant,
270 3011 449 3071 magnopere
463 2992 622 3053 dolendum
637 2996 688 3052 est.
721 2993 800 3051 Nam
809 3010 991 3069 quamquam
1000 2994 1064 3069 ipse
1073 2995 1147 3053 88318

130 3081 321 3158 neglegenter
342 3084 480 3141 exaratus
503 3083 638 3157 estnon
661 3080 748 3140 modo
770 3082 926 3158 permultis
949 3081 1021 3141 locis
1044 3087 1147 3141 eorum

131 3169 288 3229 lectionem
311 3170 506 3247 depravatam
528 3173 624 3242 sanat,
647 3169 769 3230 1888888
792 3170 920 3247 supplet,
941 3188 1082 3245 perversa
1102 3189 1147 3230 re·

130 3261 219 3330 secat,
241 3258 294 3319 sed
316 3261 407 3319 etiam
430 3260 541 3320 talibus
563 3259 646 3333 locis,
668 3260 720 3319 ubi
743 3278 796 3336 per
818 3278 849 3318 se
867 3259 984 3318 nullum
1002 3263 1147 3338 appareat

129 3347 162 3404 18
178 3347 299 3407 illorum
313 3349 410 3408 verbis
424 3349 609 3424 corruptelae
622 3350 775 3424 indicium,
793 3352 908 3408 textum
922 3349 1046 3426 praebet
1058 3348 1147 3427 longe

130 3435 293 3509 diversum,
319 3437 370 3497 sed
392 3456 479 3497 88888
502 3441 533 3496 83
555 3439 653 3498 verbis
676 3441 720 3497 ita
742 3440 958 3514 praestantem,
980 3440 1016 3498 ut
1037 3438 1147 3498 clarior

133 3584 140 3591 n
150 3585 307 3592 ——-—.-
320 3586 346 3594 ..-

204 3680 229 3746 1)
249 3676 327 3743 Quae
344 3677 477 3747 leguntur
491 3677 528 3732 ad
541 3677 553 3731 1
568 3684 593 3745 3,
607 3683 686 3745 8-8,
701 3678 740 3733 8
731 3696 762 3732 1n
775 3678 903 3748 margine
917 3677 1063 3748 adscripta
1077 3679 1145 3734 881·

131 3753 189 3803 tum
207 3749 250 3803 bic
268 3694 715 3819 3888388838888838131838,
734 3766 790 3804 non
809 3749 846 3804 83
862 3749 946 3804 verba
960 3746 1077 3813 Graeca
1097 3748 1147 3803 sed

131 3817 168 3871 ad
175 3818 450 3945 (Ilacpnamltomnium
461 3821 559 3876 horum
569 3821 697 3876 codicum
707 3824 833 3892 spectare
843 3822 953 3876 monuit
961 3820 1046 3875 Hertz
1056 3819 1145 3890 praef.

132 3905 159 3941 8.
210 3905 227 3942 8
248 3907 266 3943 8
290 3906 307 3942 8
