<?xml version="1.0" encoding="UTF-8"?>
<!DOCTYPE html PUBLIC "-//W3C//DTD XHTML 1.0 Transitional//EN"
    "http://www.w3.org/TR/xhtml1/DTD/xhtml1-transitional.dtd">
<html xmlns="http://www.w3.org/1999/xhtml" xml:lang="en" lang="en">
 <head>
  <title>
</title>
<meta http-equiv="Content-Type" content="text/html;charset=utf-8" />
  <meta name='ocr-system' content='tesseract 3.04.00' />
  <meta name='ocr-capabilities' content='ocr_page ocr_carea ocr_par ocr_line ocrx_word'/>
</head>
<body>
  <div class='ocr_page' id='page_1' title='image "agelliinoctivma01gellgoog_0081.png"; bbox 0 0 2392 4298; ppageno 0'>
   <div class='ocr_carea' id='block_1_1' title="bbox 106 507 770 574">
    <p class='ocr_par' dir='ltr' id='par_1_1' title="bbox 106 507 770 574">
     <span class='ocr_line' id='line_1_1' title="bbox 106 507 770 574; baseline -0.003 -10"><span class='ocrx_word' id='word_1_1' title='bbox 106 510 147 574; x_wconf 90' lang='lat'><strong>10</strong></span> <span class='ocrx_word' id='word_1_2' title='bbox 460 507 640 573; x_wconf 80' lang='lat' dir='ltr'><strong>CAPITVLA</strong></span> <span class='ocrx_word' id='word_1_3' title='bbox 659 508 724 563; x_wconf 80' lang='lat' dir='ltr'><strong>LIB.</strong></span> <span class='ocrx_word' id='word_1_4' title='bbox 744 508 770 562; x_wconf 91' lang='lat'><strong>11</strong></span> 
     </span>
    </p>
   </div>
   <div class='ocr_carea' id='block_1_2' title="bbox 102 670 1117 758">
    <p class='ocr_par' dir='ltr' id='par_1_2' title="bbox 102 670 1117 758">
     <span class='ocr_line' id='line_1_2' title="bbox 102 670 1117 758; baseline 0 -21"><span class='ocrx_word' id='word_1_5' title='bbox 102 675 240 758; x_wconf 90' lang='lat' dir='ltr'><strong>speciem</strong></span> <span class='ocrx_word' id='word_1_6' title='bbox 258 673 381 738; x_wconf 88' lang='lat' dir='ltr'><strong>habens</strong></span> <span class='ocrx_word' id='word_1_7' title='bbox 399 672 575 757; x_wconf 87' lang='lat' dir='ltr'><strong>primorem</strong></span> <span class='ocrx_word' id='word_1_8' title='bbox 594 673 723 756; x_wconf 83' lang='lat' dir='ltr'>iniquae</span> <span class='ocrx_word' id='word_1_9' title='bbox 739 671 942 755; x_wconf 76' lang='lat' dir='ltr'>iniustaeque</span> <span class='ocrx_word' id='word_1_10' title='bbox 955 671 1049 758; x_wconf 82' lang='lat' dir='ltr'><strong>legis,</strong></span> <span class='ocrx_word' id='word_1_11' title='bbox 1067 670 1117 737; x_wconf 80' lang='lat' dir='ltr'><strong>ssd</strong></span> 
     </span>
    </p>
   </div>
   <div class='ocr_carea' id='block_1_3' title="bbox 50 761 1117 3961">
    <p class='ocr_par' dir='ltr' id='par_1_3' title="bbox 99 761 1115 1006">
     <span class='ocr_line' id='line_1_3' title="bbox 101 761 1115 845; baseline -0.001 -19"><span class='ocrx_word' id='word_1_12' title='bbox 101 763 142 826; x_wconf 85' lang='lat' dir='ltr'><strong>ad</strong></span> <span class='ocrx_word' id='word_1_13' title='bbox 164 784 258 826; x_wconf 90' lang='lat' dir='ltr'><strong>usum</strong></span> <span class='ocrx_word' id='word_1_14' title='bbox 282 767 315 826; x_wconf 89' lang='lat' dir='ltr'><strong>ct</strong></span> <span class='ocrx_word' id='word_1_15' title='bbox 338 761 591 827; x_wconf 90' lang='lat' dir='ltr'><strong>emolumentum</strong></span> <span class='ocrx_word' id='word_1_16' title='bbox 614 761 813 826; x_wconf 76' lang='lat' dir='ltr'><strong>salubritatis</strong></span> <span class='ocrx_word' id='word_1_17' title='bbox 836 761 966 844; x_wconf 89' lang='lat' dir='ltr'><strong>penitus</strong></span> <span class='ocrx_word' id='word_1_18' title='bbox 984 764 1115 845; x_wconf 74' lang='lat' dir='ltr'><strong>reperta</strong></span> 
     </span>
     <span class='ocr_line' id='line_1_4' title="bbox 99 850 1114 918; baseline 0.004 -7"><span class='ocrx_word' id='word_1_19' title='bbox 99 853 145 918; x_wconf 64' lang='grc' dir='ltr'><strong><em>Μ</em></strong></span> <span class='ocrx_word' id='word_1_20' title='bbox 167 850 247 917; x_wconf 87' lang='lat' dir='ltr'>XIII</span> <span class='ocrx_word' id='word_1_21' title='bbox 278 851 412 916; x_wconf 81' lang='lat' dir='ltr'>Liberos</span> <span class='ocrx_word' id='word_1_22' title='bbox 440 852 476 915; x_wconf 90' lang='lat' dir='ltr'><strong>in</strong></span> <span class='ocrx_word' id='word_1_23' title='bbox 498 850 717 917; x_wconf 74' lang='lat' dir='ltr'><strong>multitudinis</strong></span> <span class='ocrx_word' id='word_1_24' title='bbox 739 871 873 916; x_wconf 88' lang='lat' dir='ltr'><strong>numero</strong></span> <span class='ocrx_word' id='word_1_25' title='bbox 897 851 996 915; x_wconf 87' lang='lat' dir='ltr'><strong>etiam</strong></span> <span class='ocrx_word' id='word_1_26' title='bbox 1019 870 1114 915; x_wconf 82' lang='lat' dir='ltr'><strong>unum</strong></span> 
     </span>
     <span class='ocr_line' id='line_1_5' title="bbox 101 939 666 1006; baseline 0 -2"><span class='ocrx_word' id='word_1_27' title='bbox 101 940 205 1006; x_wconf 90' lang='lat' dir='ltr'><strong>filium</strong></span> <span class='ocrx_word' id='word_1_28' title='bbox 229 940 370 1005; x_wconf 87' lang='lat' dir='ltr'><strong>filiamve</strong></span> <span class='ocrx_word' id='word_1_29' title='bbox 392 944 515 1005; x_wconf 83' lang='lat' dir='ltr'><strong>veteres</strong></span> <span class='ocrx_word' id='word_1_30' title='bbox 539 939 666 1004; x_wconf 76' lang='lat' dir='ltr'><strong>dixisse.</strong></span> 
     </span>
    </p>

    <p class='ocr_par' dir='ltr' id='par_1_4' title="bbox 100 1027 1112 1290">
     <span class='ocr_line' id='line_1_6' title="bbox 166 1027 1112 1111; baseline 0 -18"><span class='ocrx_word' id='word_1_31' title='bbox 166 1027 246 1093; x_wconf 88' lang='lat' dir='ltr'><strong>XIV</strong></span> <span class='ocrx_word' id='word_1_32' title='bbox 269 1028 363 1105; x_wconf 82' lang='lat' dir='ltr'><strong>Quod</strong></span> <span class='ocrx_word' id='word_1_33' title='bbox 376 1028 419 1092; x_wconf 91' lang='lat' dir='ltr'><strong>M.</strong></span> <span class='ocrx_word' id='word_1_34' title='bbox 435 1028 514 1093; x_wconf 89' lang='lat' dir='ltr'><strong>Cato</strong></span> <span class='ocrx_word' id='word_1_35' title='bbox 528 1029 563 1092; x_wconf 92' lang='lat' dir='ltr'><strong>in</strong></span> <span class='ocrx_word' id='word_1_36' title='bbox 576 1028 669 1110; x_wconf 90' lang='lat' dir='ltr'><strong>libro,</strong></span> <span class='ocrx_word' id='word_1_37' title='bbox 686 1029 742 1111; x_wconf 91' lang='lat' dir='ltr'><strong>qui</strong></span> <span class='ocrx_word' id='word_1_38' title='bbox 757 1029 932 1111; x_wconf 88' lang='lat' dir='ltr'><strong>inscriptus</strong></span> <span class='ocrx_word' id='word_1_39' title='bbox 946 1031 996 1093; x_wconf 90' lang='lat' dir='ltr'><strong>est</strong></span> <span class='ocrx_word' id='word_1_40' title='bbox 1010 1032 1112 1093; x_wconf 76' lang='lat' dir='ltr'><strong>contus</strong></span> 
     </span>
     <span class='ocr_line' id='line_1_7' title="bbox 100 1116 1109 1202; baseline 0 -21"><span class='ocrx_word' id='word_1_41' title='bbox 100 1117 265 1182; x_wconf 80' lang='lat' dir='ltr'><strong>Tiberium</strong></span> <span class='ocrx_word' id='word_1_42' title='bbox 288 1119 424 1200; x_wconf 84' lang='lat' dir='ltr'><strong>exulem,</strong></span> <span class='ocrx_word' id='word_1_43' title='bbox 449 1118 598 1182; x_wconf 79' lang='lat' dir='ltr'><strong>‘stitisses</strong></span> <span class='ocrx_word' id='word_1_44' title='bbox 619 1117 850 1182; x_wconf 79' lang='lat' dir='ltr'><strong>vadimonium&#39;</strong></span> <span class='ocrx_word' id='word_1_45' title='bbox 871 1139 929 1202; x_wconf 87' lang='lat' dir='ltr'><strong>per</strong></span> <span class='ocrx_word' id='word_1_46' title='bbox 948 1118 959 1181; x_wconf 95' lang='lat' dir='ltr'><strong>i</strong></span> <span class='ocrx_word' id='word_1_47' title='bbox 977 1116 1109 1182; x_wconf 83' lang='lat' dir='ltr'><strong>litteram</strong></span> 
     </span>
     <span class='ocr_line' id='line_1_8' title="bbox 100 1205 1017 1290; baseline 0 -20"><span class='ocrx_word' id='word_1_48' title='bbox 100 1207 187 1289; x_wconf 81' lang='lat' dir='ltr'><strong>dicit,</strong></span> <span class='ocrx_word' id='word_1_49' title='bbox 210 1229 276 1271; x_wconf 90' lang='lat' dir='ltr'><strong>non</strong></span> <span class='ocrx_word' id='word_1_50' title='bbox 300 1206 483 1289; x_wconf 78' lang='lat' dir='ltr'><strong>‘stetisses&#39;3</strong></span> <span class='ocrx_word' id='word_1_51' title='bbox 506 1207 638 1290; x_wconf 87' lang='lat' dir='ltr'><strong>eiusque</strong></span> <span class='ocrx_word' id='word_1_52' title='bbox 661 1206 751 1271; x_wconf 83' lang='lat' dir='ltr'><strong>verbi</strong></span> <span class='ocrx_word' id='word_1_53' title='bbox 774 1206 857 1269; x_wconf 90' lang='lat' dir='ltr'><strong>ratio</strong></span> <span class='ocrx_word' id='word_1_54' title='bbox 881 1205 1017 1270; x_wconf 84' lang='lat' dir='ltr'><strong>reddita.</strong></span> 
     </span>
    </p>

    <p class='ocr_par' dir='ltr' id='par_1_5' title="bbox 98 1294 1107 1468">
     <span class='ocr_line' id='line_1_9' title="bbox 166 1294 1107 1380; baseline 0.001 -21"><span class='ocrx_word' id='word_1_55' title='bbox 166 1294 228 1359; x_wconf 88' lang='lat' dir='ltr'><strong>XV</strong></span> <span class='ocrx_word' id='word_1_56' title='bbox 264 1294 356 1372; x_wconf 87' lang='lat' dir='ltr'><strong>Quod</strong></span> <span class='ocrx_word' id='word_1_57' title='bbox 392 1297 571 1380; x_wconf 86' lang='lat' dir='ltr'><strong>antiquitus</strong></span> <span class='ocrx_word' id='word_1_58' title='bbox 603 1295 702 1359; x_wconf 89' lang='lat' dir='ltr'><strong>aetati</strong></span> <span class='ocrx_word' id='word_1_59' title='bbox 734 1299 879 1359; x_wconf 87' lang='lat' dir='ltr'><strong>senectae</strong></span> <span class='ocrx_word' id='word_1_60' title='bbox 909 1295 1107 1378; x_wconf 85' lang='lat' dir='ltr'><strong>potissimum</strong></span> 
     </span>
     <span class='ocr_line' id='line_1_10' title="bbox 98 1384 1107 1486; baseline 0.001 -37"><span class='ocrx_word' id='word_1_61' title='bbox 98 1384 202 1449; x_wconf 90' lang='lat' dir='ltr'><strong>habiti</strong></span> <span class='ocrx_word' id='word_1_62' title='bbox 232 1385 297 1449; x_wconf 82' lang='lat' dir='ltr'><strong>stin</strong></span> <span class='ocrx_word' id='word_1_63' title='bbox 283 1385 425 1468; x_wconf 90' lang='lat' dir='ltr'><strong>tampli</strong></span> <span class='ocrx_word' id='word_1_64' title='bbox 450 1387 603 1486; x_wconf 63' lang='lat' dir='ltr'><strong>honorem</strong></span> <span class='ocrx_word' id='word_1_65' title='bbox 631 1389 664 1449; x_wconf 92' lang='lat' dir='ltr'><strong>et</strong></span> <span class='ocrx_word' id='word_1_66' title='bbox 691 1405 748 1449; x_wconf 92' lang='lat' dir='ltr'><strong>cur</strong></span> <span class='ocrx_word' id='word_1_67' title='bbox 775 1389 887 1468; x_wconf 85' lang='lat' dir='ltr'><strong>postea</strong></span> <span class='ocrx_word' id='word_1_68' title='bbox 914 1384 955 1447; x_wconf 89' lang='lat' dir='ltr'><strong>ad</strong></span> <span class='ocrx_word' id='word_1_69' title='bbox 982 1386 1107 1450; x_wconf 69' lang='lat' dir='ltr'><strong>marica</strong></span> 
     </span>
    </p>

    <p class='ocr_par' dir='ltr' id='par_1_6' title="bbox 98 1435 1107 1647">
     <span class='ocr_line' id='line_1_11' title="bbox 98 1435 1107 1558; baseline 0 -21"><span class='ocrx_word' id='word_1_70' title='bbox 98 1474 199 1538; x_wconf 91' lang='lat' dir='ltr'><strong>etad</strong></span> <span class='ocrx_word' id='word_1_71' title='bbox 225 1477 333 1558; x_wconf 85' lang='lat' dir='ltr'><strong>patres</strong></span> <span class='ocrx_word' id='word_1_72' title='bbox 362 1474 518 1538; x_wconf 88' lang='lat' dir='ltr'><strong>idem&#39;t</strong></span> <span class='ocrx_word' id='word_1_73' title='bbox 475 1479 530 1537; x_wconf 84' lang='lat' dir='ltr'><strong>rstr</strong></span> <span class='ocrx_word' id='word_1_74' title='bbox 520 1435 697 1538; x_wconf 80' lang='lat' dir='ltr'><strong>ihdnores</strong></span> <span class='ocrx_word' id='word_1_75' title='bbox 720 1472 819 1537; x_wconf 86' lang='lat' dir='ltr'><strong>delati</strong></span> <span class='ocrx_word' id='word_1_76' title='bbox 792 1472 921 1558; x_wconf 80' lang='lat' dir='ltr'><strong>tsint3</strong></span> <span class='ocrx_word' id='word_1_77' title='bbox 950 1477 1047 1558; x_wconf 84' lang='lat' dir='ltr'><strong>atque</strong></span> <span class='ocrx_word' id='word_1_78' title='bbox 1068 1470 1107 1537; x_wconf 90' lang='lat' dir='ltr'><strong>ibi</strong></span> 
     </span>
     <span class='ocr_line' id='line_1_12' title="bbox 98 1560 846 1647; baseline 0 -22"><span class='ocrx_word' id='word_1_79' title='bbox 98 1562 137 1627; x_wconf 90' lang='lat' dir='ltr'><strong>de</strong></span> <span class='ocrx_word' id='word_1_80' title='bbox 161 1563 267 1646; x_wconf 88' lang='lat' dir='ltr'><strong>capite</strong></span> <span class='ocrx_word' id='word_1_81' title='bbox 290 1563 446 1646; x_wconf 90' lang='lat' dir='ltr'><strong>quaedam</strong></span> <span class='ocrx_word' id='word_1_82' title='bbox 469 1563 550 1647; x_wconf 90' lang='lat' dir='ltr'><strong>legis</strong></span> <span class='ocrx_word' id='word_1_83' title='bbox 574 1560 675 1626; x_wconf 86' lang='lat' dir='ltr'><strong>Iuliae</strong></span> <span class='ocrx_word' id='word_1_84' title='bbox 699 1563 846 1645; x_wconf 90' lang='lat' dir='ltr'><strong>septimo.</strong></span> 
     </span>
    </p>

    <p class='ocr_par' dir='ltr' id='par_1_7' title="bbox 96 1620 1106 1825">
     <span class='ocr_line' id='line_1_13' title="bbox 163 1620 1106 1735; baseline -0.002 -19"><span class='ocrx_word' id='word_1_85' title='bbox 163 1650 242 1716; x_wconf 87' lang='lat' dir='ltr'><strong>XVI</strong></span> <span class='ocrx_word' id='word_1_86' title='bbox 270 1650 364 1727; x_wconf 88' lang='lat' dir='ltr'><strong>Quod</strong></span> <span class='ocrx_word' id='word_1_87' title='bbox 387 1649 560 1715; x_wconf 78' lang='lat' dir='ltr'><strong>Caesellius</strong></span> <span class='ocrx_word' id='word_1_88' title='bbox 580 1649 708 1715; x_wconf 85' lang='lat' dir='ltr'><strong>Vindex</strong></span> <span class='ocrx_word' id='word_1_89' title='bbox 731 1674 750 1715; x_wconf 89' lang='lat' dir='ltr'><strong>a</strong></span> <span class='ocrx_word' id='word_1_90' title='bbox 770 1648 915 1735; x_wconf 90' lang='lat' dir='ltr'><strong>Sulpicio</strong></span> <span class='ocrx_word' id='word_1_91' title='bbox 934 1620 1106 1735; x_wconf 79' lang='lat' dir='ltr'><strong>Apollinari</strong></span> 
     </span>
     <span class='ocr_line' id='line_1_14' title="bbox 96 1738 1010 1825; baseline -0.002 -19"><span class='ocrx_word' id='word_1_92' title='bbox 96 1741 309 1823; x_wconf 86' lang='lat' dir='ltr'><strong>reprehensus</strong></span> <span class='ocrx_word' id='word_1_93' title='bbox 333 1742 438 1805; x_wconf 88' lang='lat' dir='ltr'><strong>estin</strong></span> <span class='ocrx_word' id='word_1_94' title='bbox 462 1762 573 1804; x_wconf 90' lang='lat' dir='ltr'><strong>sensus</strong></span> <span class='ocrx_word' id='word_1_95' title='bbox 597 1738 776 1825; x_wconf 80' lang='lat' dir='ltr'><strong>Vergiliani</strong></span> <span class='ocrx_word' id='word_1_96' title='bbox 801 1740 1010 1805; x_wconf 77' lang='lat' dir='ltr'><strong>enarratione.</strong></span> 
     </span>
    </p>

    <p class='ocr_par' dir='ltr' id='par_1_8' title="bbox 50 1827 1105 2091">
     <span class='ocr_line' id='line_1_15' title="bbox 50 1827 1105 1914; baseline 0.001 -23"><span class='ocrx_word' id='word_1_97' title='bbox 50 1878 55 1891; x_wconf 89' lang='lat'><strong>.</strong></span> <span class='ocrx_word' id='word_1_98' title='bbox 163 1827 257 1893; x_wconf 88' lang='lat' dir='ltr'>XVII</span> <span class='ocrx_word' id='word_1_99' title='bbox 286 1829 474 1894; x_wconf 83' lang='lat' dir='ltr'><strong>Cuiusmodi</strong></span> <span class='ocrx_word' id='word_1_100' title='bbox 497 1850 567 1894; x_wconf 88' lang='lat' dir='ltr'><strong>csse</strong></span> <span class='ocrx_word' id='word_1_101' title='bbox 589 1834 737 1893; x_wconf 88' lang='lat' dir='ltr'><strong>naturam</strong></span> <span class='ocrx_word' id='word_1_102' title='bbox 762 1828 961 1914; x_wconf 87' lang='lat' dir='ltr'><strong>quarundam</strong></span> <span class='ocrx_word' id='word_1_103' title='bbox 983 1848 1105 1914; x_wconf 86' lang='lat' dir='ltr'><strong>praepo·</strong></span> 
     </span>
     <span class='ocr_line' id='line_1_16' title="bbox 96 1914 1105 2003; baseline -0.003 -21"><span class='ocrx_word' id='word_1_104' title='bbox 96 1918 251 1982; x_wconf 89' lang='lat' dir='ltr'><strong>sitionum</strong></span> <span class='ocrx_word' id='word_1_105' title='bbox 272 1917 315 1981; x_wconf 92' lang='lat' dir='ltr'><strong>M.</strong></span> <span class='ocrx_word' id='word_1_106' title='bbox 337 1915 447 1983; x_wconf 89' lang='lat' dir='ltr'><strong>Cicero</strong></span> <span class='ocrx_word' id='word_1_107' title='bbox 470 1919 744 2002; x_wconf 57' lang='lat' dir='ltr'><strong>animadverterit</strong></span> <span class='ocrx_word' id='word_1_108' title='bbox 767 1918 1045 2003; x_wconf 80' lang='lat' dir='ltr'><strong>disceptatumque</strong></span> <span class='ocrx_word' id='word_1_109' title='bbox 1069 1914 1105 1980; x_wconf 91' lang='lat' dir='ltr'><strong>ibi</strong></span> 
     </span>
     <span class='ocr_line' id='line_1_17' title="bbox 96 2005 860 2091; baseline 0.001 -21"><span class='ocrx_word' id='word_1_110' title='bbox 96 2028 253 2090; x_wconf 90' lang='lat' dir='ltr'><strong>supereo</strong></span> <span class='ocrx_word' id='word_1_111' title='bbox 277 2008 359 2090; x_wconf 83' lang='lat' dir='ltr'><strong>ipso,</strong></span> <span class='ocrx_word' id='word_1_112' title='bbox 382 2007 469 2091; x_wconf 91' lang='lat' dir='ltr'><strong>quod</strong></span> <span class='ocrx_word' id='word_1_113' title='bbox 493 2005 603 2072; x_wconf 87' lang='lat' dir='ltr'><strong>Cicero</strong></span> <span class='ocrx_word' id='word_1_114' title='bbox 627 2007 860 2071; x_wconf 85' lang='lat' dir='ltr'><strong>observaverat.</strong></span> 
     </span>
    </p>

    <p class='ocr_par' dir='ltr' id='par_1_9' title="bbox 97 2091 1104 2267">
     <span class='ocr_line' id='line_1_18' title="bbox 162 2091 1104 2179; baseline 0 -20"><span class='ocrx_word' id='word_1_115' title='bbox 162 2094 274 2160; x_wconf 89' lang='lat' dir='ltr'>XVIII</span> <span class='ocrx_word' id='word_1_116' title='bbox 302 2094 396 2171; x_wconf 84' lang='lat' dir='ltr'><strong>Quod</strong></span> <span class='ocrx_word' id='word_1_117' title='bbox 413 2095 565 2160; x_wconf 89' lang='lat' dir='ltr'><strong>Phaedon</strong></span> <span class='ocrx_word' id='word_1_118' title='bbox 586 2095 768 2161; x_wconf 89' lang='lat' dir='ltr'><strong>Socraticus</strong></span> <span class='ocrx_word' id='word_1_119' title='bbox 788 2117 898 2161; x_wconf 86' lang='lat' dir='ltr'><strong>servus</strong></span> <span class='ocrx_word' id='word_1_120' title='bbox 917 2095 995 2179; x_wconf 82' lang='lat' dir='ltr'><strong>fuit3</strong></span> <span class='ocrx_word' id='word_1_121' title='bbox 1016 2091 1104 2179; x_wconf 84' lang='lat' dir='ltr'><strong>quod·</strong></span> 
     </span>
     <span class='ocr_line' id='line_1_19' title="bbox 97 2183 999 2267; baseline 0.003 -20"><span class='ocrx_word' id='word_1_122' title='bbox 97 2205 158 2267; x_wconf 89' lang='lat' dir='ltr'><strong>que</strong></span> <span class='ocrx_word' id='word_1_123' title='bbox 181 2184 260 2248; x_wconf 89' lang='lat' dir='ltr'><strong>item</strong></span> <span class='ocrx_word' id='word_1_124' title='bbox 283 2183 340 2249; x_wconf 88' lang='lat' dir='ltr'><strong>alii</strong></span> <span class='ocrx_word' id='word_1_125' title='bbox 363 2185 576 2267; x_wconf 89' lang='lat' dir='ltr'><strong>complusculi</strong></span> <span class='ocrx_word' id='word_1_126' title='bbox 599 2186 788 2250; x_wconf 85' lang='lat' dir='ltr'><strong>servitutem</strong></span> <span class='ocrx_word' id='word_1_127' title='bbox 812 2185 999 2250; x_wconf 83' lang='lat' dir='ltr'><strong>servierunt</strong></span> 
     </span>
    </p>

    <p class='ocr_par' dir='ltr' id='par_1_10' title="bbox 97 2271 1105 2448">
     <span class='ocr_line' id='line_1_20' title="bbox 162 2271 1105 2358; baseline 0 -21"><span class='ocrx_word' id='word_1_128' title='bbox 162 2271 240 2337; x_wconf 91' lang='lat' dir='ltr'><strong>XIX</strong></span> <span class='ocrx_word' id='word_1_129' title='bbox 273 2273 426 2338; x_wconf 85' lang='lat' dir='ltr'><strong>‘Rescire’</strong></span> <span class='ocrx_word' id='word_1_130' title='bbox 457 2273 589 2337; x_wconf 87' lang='lat' dir='ltr'><strong>verbum</strong></span> <span class='ocrx_word' id='word_1_131' title='bbox 618 2274 696 2358; x_wconf 90' lang='lat' dir='ltr'><strong>quid</strong></span> <span class='ocrx_word' id='word_1_132' title='bbox 724 2275 780 2357; x_wconf 80' lang='lat' dir='ltr'><strong>sit3</strong></span> <span class='ocrx_word' id='word_1_133' title='bbox 812 2278 845 2338; x_wconf 89' lang='lat' dir='ltr'><strong>et</strong></span> <span class='ocrx_word' id='word_1_134' title='bbox 872 2295 971 2358; x_wconf 89' lang='lat' dir='ltr'><strong>quam</strong></span> <span class='ocrx_word' id='word_1_135' title='bbox 997 2272 1105 2339; x_wconf 78' lang='lat' dir='ltr'><strong>habet</strong></span> 
     </span>
     <span class='ocr_line' id='line_1_21' title="bbox 97 2363 816 2448; baseline 0.001 -23"><span class='ocrx_word' id='word_1_136' title='bbox 97 2384 205 2425; x_wconf 80' lang='lat' dir='ltr'><strong>veram</strong></span> <span class='ocrx_word' id='word_1_137' title='bbox 229 2366 325 2446; x_wconf 90' lang='lat' dir='ltr'><strong>atquc</strong></span> <span class='ocrx_word' id='word_1_138' title='bbox 349 2363 512 2446; x_wconf 90' lang='lat' dir='ltr'><strong>propriam</strong></span> <span class='ocrx_word' id='word_1_139' title='bbox 536 2363 816 2448; x_wconf 87' lang='lat' dir='ltr'><strong>significationem.</strong></span> 
     </span>
    </p>

    <p class='ocr_par' dir='ltr' id='par_1_11' title="bbox 93 2449 1107 2783">
     <span class='ocr_line' id='line_1_22' title="bbox 161 2449 1105 2536; baseline 0 -21"><span class='ocrx_word' id='word_1_140' title='bbox 161 2449 223 2515; x_wconf 91' lang='lat' dir='ltr'><strong>XX</strong></span> <span class='ocrx_word' id='word_1_141' title='bbox 255 2450 343 2528; x_wconf 86' lang='lat' dir='ltr'><strong>Quae</strong></span> <span class='ocrx_word' id='word_1_142' title='bbox 373 2453 469 2536; x_wconf 82' lang='lat' dir='ltr'><strong>volgo</strong></span> <span class='ocrx_word' id='word_1_143' title='bbox 497 2451 649 2516; x_wconf 89' lang='lat' dir='ltr'><strong>dicuntur</strong></span> <span class='ocrx_word' id='word_1_144' title='bbox 677 2452 832 2532; x_wconf 81' lang='lat' dir='ltr'><strong>‘vivaria’,</strong></span> <span class='ocrx_word' id='word_1_145' title='bbox 860 2451 893 2516; x_wconf 92' lang='lat' dir='ltr'><strong>id</strong></span> <span class='ocrx_word' id='word_1_146' title='bbox 921 2451 1105 2516; x_wconf 79' lang='lat' dir='ltr'><strong>vocabulum</strong></span> 
     </span>
     <span class='ocr_line' id='line_1_23' title="bbox 96 2539 1107 2625; baseline 0.002 -23"><span class='ocrx_word' id='word_1_147' title='bbox 96 2543 218 2604; x_wconf 83' lang='lat' dir='ltr'><strong>veteres</strong></span> <span class='ocrx_word' id='word_1_148' title='bbox 245 2563 312 2605; x_wconf 93' lang='lat' dir='ltr'><strong>non</strong></span> <span class='ocrx_word' id='word_1_149' title='bbox 339 2540 470 2625; x_wconf 81' lang='lat' dir='ltr'><strong>dixisse3</strong></span> <span class='ocrx_word' id='word_1_150' title='bbox 499 2545 532 2604; x_wconf 89' lang='lat' dir='ltr'><strong>et</strong></span> <span class='ocrx_word' id='word_1_151' title='bbox 555 2541 633 2624; x_wconf 93' lang='lat' dir='ltr'><strong>quid</strong></span> <span class='ocrx_word' id='word_1_152' title='bbox 656 2562 715 2624; x_wconf 94' lang='lat' dir='ltr'><strong>pro</strong></span> <span class='ocrx_word' id='word_1_153' title='bbox 739 2563 777 2605; x_wconf 91' lang='lat' dir='ltr'><strong>eo</strong></span> <span class='ocrx_word' id='word_1_154' title='bbox 800 2539 835 2604; x_wconf 93' lang='lat' dir='ltr'><strong>P.</strong></span> <span class='ocrx_word' id='word_1_155' title='bbox 856 2539 966 2624; x_wconf 83' lang='lat' dir='ltr'><strong>Scipio</strong></span> <span class='ocrx_word' id='word_1_156' title='bbox 990 2541 1025 2604; x_wconf 92' lang='lat' dir='ltr'><strong>in</strong></span> <span class='ocrx_word' id='word_1_157' title='bbox 1047 2558 1107 2604; x_wconf 77' lang='lat' dir='ltr'><strong>ors·</strong></span> 
     </span>
     <span class='ocr_line' id='line_1_24' title="bbox 95 2626 1106 2713; baseline 0.004 -23"><span class='ocrx_word' id='word_1_158' title='bbox 95 2629 183 2693; x_wconf 89' lang='lat' dir='ltr'><strong>tione</strong></span> <span class='ocrx_word' id='word_1_159' title='bbox 210 2629 251 2693; x_wconf 90' lang='lat' dir='ltr'><strong>ad</strong></span> <span class='ocrx_word' id='word_1_160' title='bbox 277 2629 446 2713; x_wconf 85' lang='lat' dir='ltr'><strong>populum,</strong></span> <span class='ocrx_word' id='word_1_161' title='bbox 475 2629 553 2712; x_wconf 91' lang='lat' dir='ltr'><strong>quid</strong></span> <span class='ocrx_word' id='word_1_162' title='bbox 576 2632 690 2713; x_wconf 89' lang='lat' dir='ltr'><strong>postea</strong></span> <span class='ocrx_word' id='word_1_163' title='bbox 712 2629 755 2694; x_wconf 92' lang='lat' dir='ltr'><strong>M.</strong></span> <span class='ocrx_word' id='word_1_164' title='bbox 775 2628 879 2694; x_wconf 87' lang='lat' dir='ltr'><strong>Varro</strong></span> <span class='ocrx_word' id='word_1_165' title='bbox 902 2629 937 2694; x_wconf 94' lang='lat' dir='ltr'><strong>in</strong></span> <span class='ocrx_word' id='word_1_166' title='bbox 959 2629 1052 2694; x_wconf 90' lang='lat' dir='ltr'><strong>libris</strong></span> <span class='ocrx_word' id='word_1_167' title='bbox 1074 2626 1106 2693; x_wconf 76' lang='lat' dir='ltr'><strong>(lt</strong></span> 
     </span>
     <span class='ocr_line' id='line_1_25' title="bbox 93 2717 418 2783; baseline 0.003 -2"><span class='ocrx_word' id='word_1_168' title='bbox 93 2739 127 2781; x_wconf 92' lang='lat' dir='ltr'><strong>rc</strong></span> <span class='ocrx_word' id='word_1_169' title='bbox 149 2719 270 2782; x_wconf 89' lang='lat' dir='ltr'><strong>rustica</strong></span> <span class='ocrx_word' id='word_1_170' title='bbox 294 2717 418 2783; x_wconf 85' lang='lat' dir='ltr'><strong>dixerit</strong></span> 
     </span>
    </p>

    <p class='ocr_par' dir='ltr' id='par_1_12' title="bbox 94 2805 1109 3070">
     <span class='ocr_line' id='line_1_26' title="bbox 160 2805 1107 2892; baseline 0.001 -21"><span class='ocrx_word' id='word_1_171' title='bbox 160 2806 234 2871; x_wconf 78' lang='lat' dir='ltr'><strong>XXI</strong></span> <span class='ocrx_word' id='word_1_172' title='bbox 267 2806 371 2891; x_wconf 85' lang='lat' dir='ltr'><strong>Super</strong></span> <span class='ocrx_word' id='word_1_173' title='bbox 398 2829 435 2871; x_wconf 92' lang='lat' dir='ltr'><strong>eo</strong></span> <span class='ocrx_word' id='word_1_174' title='bbox 464 2807 581 2889; x_wconf 87' lang='lat' dir='ltr'><strong>sidere,</strong></span> <span class='ocrx_word' id='word_1_175' title='bbox 610 2808 697 2892; x_wconf 92' lang='lat' dir='ltr'><strong>quod</strong></span> <span class='ocrx_word' id='word_1_176' title='bbox 725 2805 836 2872; x_wconf 76' lang='lat' dir='ltr'><strong>Graeci</strong></span> <span class='ocrx_word' id='word_1_177' title='bbox 865 2805 1027 2891; x_wconf 60' lang='grc' dir='ltr'><strong>’ἅμαξανζ</strong></span> <span class='ocrx_word' id='word_1_178' title='bbox 1054 2824 1107 2872; x_wconf 78' lang='lat' dir='ltr'><strong>not</strong></span> 
     </span>
     <span class='ocr_line' id='line_1_27' title="bbox 96 2896 1109 2980; baseline 0.003 -21"><span class='ocrx_word' id='word_1_179' title='bbox 96 2896 353 2980; x_wconf 83' lang='lat' dir='ltr'><strong>‘septentriones’</strong></span> <span class='ocrx_word' id='word_1_180' title='bbox 381 2918 546 2980; x_wconf 81' lang='lat' dir='ltr'><strong>vocamus3</strong></span> <span class='ocrx_word' id='word_1_181' title='bbox 574 2918 611 2962; x_wconf 93' lang='lat' dir='ltr'><strong>ac</strong></span> <span class='ocrx_word' id='word_1_182' title='bbox 639 2897 677 2960; x_wconf 90' lang='lat' dir='ltr'><strong>de</strong></span> <span class='ocrx_word' id='word_1_183' title='bbox 701 2897 869 2979; x_wconf 88' lang='lat' dir='ltr'><strong>utriusque</strong></span> <span class='ocrx_word' id='word_1_184' title='bbox 892 2896 1045 2962; x_wconf 81' lang='lat' dir='ltr'><strong>vocabuli</strong></span> <span class='ocrx_word' id='word_1_185' title='bbox 1066 2918 1109 2962; x_wconf 79' lang='lat' dir='ltr'><strong>rs·</strong></span> 
     </span>
     <span class='ocr_line' id='line_1_28' title="bbox 94 2985 395 3070; baseline 0.01 -23"><span class='ocrx_word' id='word_1_186' title='bbox 94 2985 183 3049; x_wconf 89' lang='lat' dir='ltr'><strong>tione</strong></span> <span class='ocrx_word' id='word_1_187' title='bbox 206 2990 239 3048; x_wconf 91' lang='lat' dir='ltr'><strong>et</strong></span> <span class='ocrx_word' id='word_1_188' title='bbox 261 2986 395 3070; x_wconf 88' lang='lat' dir='ltr'><strong>origine.</strong></span> 
     </span>
    </p>

    <p class='ocr_par' dir='ltr' id='par_1_13' title="bbox 94 3071 1114 3247">
     <span class='ocr_line' id='line_1_29' title="bbox 160 3071 1114 3159; baseline 0.004 -22"><span class='ocrx_word' id='word_1_189' title='bbox 160 3071 254 3137; x_wconf 89' lang='lat' dir='ltr'>XXII</span> <span class='ocrx_word' id='word_1_190' title='bbox 287 3072 336 3137; x_wconf 91' lang='lat' dir='ltr'><strong>De</strong></span> <span class='ocrx_word' id='word_1_191' title='bbox 367 3078 464 3138; x_wconf 89' lang='lat' dir='ltr'><strong>vento</strong></span> <span class='ocrx_word' id='word_1_192' title='bbox 497 3074 613 3159; x_wconf 85' lang='lat' dir='ltr'><strong>iapyge</strong></span> <span class='ocrx_word' id='word_1_193' title='bbox 646 3074 748 3157; x_wconf 91' lang='lat' dir='ltr'><strong>deque</strong></span> <span class='ocrx_word' id='word_1_194' title='bbox 777 3073 915 3139; x_wconf 90' lang='lat' dir='ltr'><strong>aliorum</strong></span> <span class='ocrx_word' id='word_1_195' title='bbox 942 3079 1114 3141; x_wconf 76' lang='lat' dir='ltr'><strong>ventorum</strong></span> 
     </span>
     <span class='ocr_line' id='line_1_30' title="bbox 94 3161 1114 3247; baseline 0.004 -22"><span class='ocrx_word' id='word_1_196' title='bbox 94 3161 258 3227; x_wconf 84' lang='lat' dir='ltr'><strong>vocabulis</strong></span> <span class='ocrx_word' id='word_1_197' title='bbox 274 3163 523 3247; x_wconf 83' lang='lat' dir='ltr'><strong>regionibusque</strong></span> <span class='ocrx_word' id='word_1_198' title='bbox 538 3167 669 3246; x_wconf 89' lang='lat' dir='ltr'><strong>accepta</strong></span> <span class='ocrx_word' id='word_1_199' title='bbox 682 3185 722 3228; x_wconf 84' lang='lat' dir='ltr'><strong>ex</strong></span> <span class='ocrx_word' id='word_1_200' title='bbox 735 3161 887 3227; x_wconf 80' lang='lat' dir='ltr'><strong>Favorini</strong></span> <span class='ocrx_word' id='word_1_201' title='bbox 900 3164 1114 3229; x_wconf 81' lang='lat' dir='ltr'><strong>sermonibus.</strong></span> 
     </span>
    </p>

    <p class='ocr_par' dir='ltr' id='par_1_14' title="bbox 94 3248 1117 3511">
     <span class='ocr_line' id='line_1_31' title="bbox 161 3248 1116 3336; baseline 0.004 -21"><span class='ocrx_word' id='word_1_202' title='bbox 161 3248 272 3315; x_wconf 90' lang='lat' dir='ltr'>XXIII</span> <span class='ocrx_word' id='word_1_203' title='bbox 317 3249 519 3316; x_wconf 89' lang='lat' dir='ltr'><strong>Consultatio</strong></span> <span class='ocrx_word' id='word_1_204' title='bbox 559 3252 810 3336; x_wconf 76' lang='lat' dir='ltr'><strong>diiudicatioque</strong></span> <span class='ocrx_word' id='word_1_205' title='bbox 845 3253 992 3317; x_wconf 86' lang='lat' dir='ltr'><strong>locorum</strong></span> <span class='ocrx_word' id='word_1_206' title='bbox 1028 3254 1116 3319; x_wconf 66' lang='lat' dir='ltr'><strong>saca</strong></span> 
     </span>
     <span class='ocr_line' id='line_1_32' title="bbox 95 3339 1117 3424; baseline 0.005 -22"><span class='ocrx_word' id='word_1_207' title='bbox 95 3360 133 3402; x_wconf 86' lang='lat' dir='ltr'><strong>ex</strong></span> <span class='ocrx_word' id='word_1_208' title='bbox 161 3339 326 3403; x_wconf 91' lang='lat' dir='ltr'><strong>comoedia</strong></span> <span class='ocrx_word' id='word_1_209' title='bbox 352 3339 519 3405; x_wconf 88' lang='lat' dir='ltr'><strong>Menandri</strong></span> <span class='ocrx_word' id='word_1_210' title='bbox 547 3346 579 3405; x_wconf 90' lang='lat' dir='ltr'><strong>et</strong></span> <span class='ocrx_word' id='word_1_211' title='bbox 607 3339 753 3423; x_wconf 81' lang='lat' dir='ltr'><strong>Caecilii,</strong></span> <span class='ocrx_word' id='word_1_212' title='bbox 780 3362 862 3424; x_wconf 87' lang='lat' dir='ltr'><strong>quas</strong></span> <span class='ocrx_word' id='word_1_213' title='bbox 889 3339 1038 3407; x_wconf 92' lang='lat' dir='ltr'><strong>Plocium</strong></span> <span class='ocrx_word' id='word_1_214' title='bbox 1067 3341 1117 3407; x_wconf 84' lang='lat' dir='ltr'><strong>iu·</strong></span> 
     </span>
     <span class='ocr_line' id='line_1_33' title="bbox 94 3429 292 3511; baseline 0.005 -20"><span class='ocrx_word' id='word_1_215' title='bbox 94 3429 214 3511; x_wconf 86' lang='lat' dir='ltr'><strong>scripta</strong></span> <span class='ocrx_word' id='word_1_216' title='bbox 236 3432 292 3492; x_wconf 89' lang='lat' dir='ltr'><strong>est</strong></span> 
     </span>
    </p>

    <p class='ocr_par' dir='ltr' id='par_1_15' title="bbox 93 3514 1116 3688">
     <span class='ocr_line' id='line_1_34' title="bbox 159 3514 1116 3606; baseline 0.006 -25"><span class='ocrx_word' id='word_1_217' title='bbox 159 3514 270 3581; x_wconf 91' lang='lat' dir='ltr'>XXIV</span> <span class='ocrx_word' id='word_1_218' title='bbox 287 3516 336 3581; x_wconf 90' lang='lat' dir='ltr'><strong>De</strong></span> <span class='ocrx_word' id='word_1_219' title='bbox 356 3522 462 3582; x_wconf 83' lang='lat' dir='ltr'><strong>vetere</strong></span> <span class='ocrx_word' id='word_1_220' title='bbox 481 3518 691 3606; x_wconf 78' lang='lat' dir='ltr'><strong>parsimonia3</strong></span> <span class='ocrx_word' id='word_1_221' title='bbox 710 3519 812 3602; x_wconf 90' lang='lat' dir='ltr'><strong>deque</strong></span> <span class='ocrx_word' id='word_1_222' title='bbox 826 3519 970 3604; x_wconf 82' lang='lat' dir='ltr'><strong>antiquis</strong></span> <span class='ocrx_word' id='word_1_223' title='bbox 984 3519 1116 3606; x_wconf 75' lang='lat' dir='ltr'><strong>legibus</strong></span> 
     </span>
     <span class='ocr_line' id='line_1_35' title="bbox 93 3606 309 3688; baseline 0.005 -20"><span class='ocrx_word' id='word_1_224' title='bbox 93 3606 309 3688; x_wconf 87' lang='lat' dir='ltr'><strong>sumptuariis.</strong></span> 
     </span>
    </p>

    <p class='ocr_par' dir='ltr' id='par_1_16' title="bbox 94 3692 1116 3847">
     <span class='ocr_line' id='line_1_36' title="bbox 158 3692 1116 3784; baseline 0.008 -26"><span class='ocrx_word' id='word_1_225' title='bbox 158 3692 252 3758; x_wconf 89' lang='lat' dir='ltr'><strong>XXV</strong></span> <span class='ocrx_word' id='word_1_226' title='bbox 267 3693 350 3770; x_wconf 84' lang='lat' dir='ltr'><strong>Quid</strong></span> <span class='ocrx_word' id='word_1_227' title='bbox 365 3693 476 3759; x_wconf 85' lang='lat' dir='ltr'><strong>Craeci</strong></span> <span class='ocrx_word' id='word_1_228' title='bbox 490 3693 683 3780; x_wconf 80' lang='grc' dir='ltr'><em>ἀναλογίαν,</em></span> <span class='ocrx_word' id='word_1_229' title='bbox 699 3696 778 3781; x_wconf 90' lang='lat' dir='ltr'><strong>quid</strong></span> <span class='ocrx_word' id='word_1_230' title='bbox 792 3701 903 3763; x_wconf 89' lang='lat' dir='ltr'><strong>eontra</strong></span> <span class='ocrx_word' id='word_1_231' title='bbox 917 3697 1116 3784; x_wconf 70' lang='grc' dir='ltr'><strong><em>ἀνωμαλίαν</em></strong></span> 
     </span>
     <span class='ocr_line' id='line_1_37' title="bbox 94 3788 217 3847; baseline 0.024 -4"><span class='ocrx_word' id='word_1_232' title='bbox 94 3788 217 3847; x_wconf 84' lang='lat' dir='ltr'><strong>vocent.</strong></span> 
     </span>
    </p>

    <p class='ocr_par' dir='ltr' id='par_1_17' title="bbox 158 3869 1116 3961">
     <span class='ocr_line' id='line_1_38' title="bbox 158 3869 1116 3961; baseline 0.008 -25"><span class='ocrx_word' id='word_1_233' title='bbox 158 3869 267 3936; x_wconf 83' lang='lat' dir='ltr'>XXVI</span> <span class='ocrx_word' id='word_1_234' title='bbox 300 3870 470 3938; x_wconf 88' lang='lat' dir='ltr'><strong>Sermones</strong></span> <span class='ocrx_word' id='word_1_235' title='bbox 497 3872 540 3937; x_wconf 90' lang='lat' dir='ltr'><strong>M.</strong></span> <span class='ocrx_word' id='word_1_236' title='bbox 564 3872 737 3939; x_wconf 84' lang='lat' dir='ltr'><strong>Frontonis</strong></span> <span class='ocrx_word' id='word_1_237' title='bbox 765 3879 799 3940; x_wconf 88' lang='lat' dir='ltr'><strong>ct</strong></span> <span class='ocrx_word' id='word_1_238' title='bbox 826 3873 978 3941; x_wconf 79' lang='lat' dir='ltr'><strong>Favorini</strong></span> <span class='ocrx_word' id='word_1_239' title='bbox 1006 3877 1116 3961; x_wconf 90' lang='lat' dir='ltr'><strong>philo·</strong></span> 
     </span>
    </p>
   </div>
   <div class='ocr_carea' id='block_1_4' title="bbox 0 0 1200 4298">
    <p class='ocr_par' dir='ltr' id='par_1_18' title="bbox 0 0 1200 4298">
     <span class='ocr_line' id='line_1_39' title="bbox 0 0 1200 4298; baseline 0 2"><span class='ocrx_word' id='word_1_240' title='bbox 0 0 1200 4298; x_wconf 95' lang='lat' dir='ltr'><strong> </strong></span> 
     </span>
    </p>
   </div>
  </div>
 </body>
</html>
