2144 4328
25 566 68 631 32
323 562 507 619 crurum
523 560 591 619 us.
610 560 670 617 xv.
690 560 758 617 rvr

84 726 160 793 XXI
185 726 320 803 Quodn
343 726 447 811 poetis
470 724 556 791 Iovis
579 725 639 789 lilii
663 724 910 809 prudentissimi

16 818 214 899 nissimique,
230 814 375 900 Neptuni
392 819 501 880 eutem
519 814 713 879 ferocissimi
730 816 766 879 et
778 812 838 879 iuh
934 810 942 825 '

19 907 197 971 truduntur.

83 992 176 1058 XXII
199 992 343 1057 Historia
362 992 401 1057 de
416 990 568 1073 Sertorio,
586 992 719 1077 egregio
737 990 831 1071 duce,
848 990 947 1073 deqm

16 1085 84 1147 eius
104 1082 401 1164 commenticiisque
420 1080 664 1161 simulamentis,
687 1078 810 1163 quibus
827 1078 870 1145 sd

16 1171 136 1235 milites
159 1170 370 1235 continendos
393 1169 676 1252 conciliandosque
698 1168 763 1233 sibi
786 1166 956 1233 uenatu·

83 1257 192 1324 XXIII
224 1258 273 1323 De
296 1258 456 1323 uetutibus
479 1256 708 1323 historicorum
730 1255 907 1339 nobilium,

19 1348 93 1417 nici.
117 1346 283 1429 Herodoti,
305 1346 512 1431 Thucydidis.

84 1434 191 1499 XXIV
215 1435 300 1512 Quid
319 1432 491 1500 Vulcacius
515 1432 679 1521 Sedigitas
701 1434 738 1498 in
759 1432 858 1516 libro,
880 1454 924 1517 qu

17 1526 122 1609 poetis
145 1525 283 1608 scripsit,
306 1524 345 1589 de
369 1524 501 1589 comicis
524 1522 648 1589 Latinis
670 1521 830 1588 iudieert.

83 1611 176 1677 XXV
208 1613 257 1677 De
284 1613 391 1677 verbis
418 1612 612 1694 quibusdem
639 1612 746 1693 noris,
773 1632 858 1695 quse
879 1609 914 1675 iu

20 1702 99 1767 Meti
124 1701 320 1765 mimiambis
343 1701 586 1766 offenderemus.

84 1788 194 1855 XXVI
230 1788 355 1866 Quibus
387 1790 494 1854 verbis
522 1787 713 1853 Aristoteles
746 1785 958 1873 philosophus
971 1794 984 1871 ’-

17 1880 137 1943 finierit
156 1878 396 1963 syllogismum
415 1879 548 1961 eiusque
564 1877 762 1942 definitionis
776 1877 985 1967 interpretsnl

17 1971 87 2031 tum
111 1967 217 2031 verbis
242 1966 364 2031 Latinis
388 1966 518 2031 fuctum.
982 1994 987 2011 ¹

84 2054 208 2118 XXVII
241 2054 325 2131 Quid
356 2056 421 2119 sint
451 2054 594 2119 ‘comitia
617 2053 745 2135 calats',
779 2054 858 2136 quid
887 2049 989 2117 ‘culini

18 2144 95 2226 quid
115 2143 325 2223 ‘centuriata',
344 2144 422 2226 quid
442 2143 596 2224 ‘tributu',
615 2143 694 2226 quid
713 2141 928 2225 ‘concilium’3
943 2142 991 2223 etp

18 2233 98 2295 inibi
123 2232 279 2314 quaedam
303 2233 544 2296 eiusdemmodi.

85 2318 225 2384 XXVIII
248 2320 341 2395 Quod
360 2322 478 2383 erravit
498 2319 665 2385 Cornelius
680 2317 801 2403 Nepos,
822 2341 897 2384 cum
916 2316 994 2401 scrip

18 2406 204 2473 Ciceronem
237 2413 301 2472 tros
335 2414 367 2473 et
400 2410 515 2493 viginti
547 2430 649 2473 annos
683 2412 796 2472 netum
826 2426 994 2489 osussmp

19 2494 117 2561 Sexto
143 2496 260 2561 Roscio
284 2497 411 2561 dixisse.

85 2584 192 2649 XXIX
217 2584 311 2661 Quali
335 2586 439 2669 figure
463 2586 617 2651 orationis
642 2590 676 2648 et
695 2606 792 2668 quem
812 2606 899 2649 nors
918 2580 994 2649 ult

17 2676 182 2737 annalium
207 2675 344 2755 scriptor
368 2696 444 2737 usus
468 2675 518 2737 sit.

84 2760 176 2826 XXX
197 2760 398 2841 Vehiculum,
415 2762 502 2843 qnod
517 2761 733 2845 ‘petorritum'
749 2763 946 2846 appellatum,
959 2780 994 2825 eu

18 2850 61 2911 tis
83 2851 214 2932 linguae
237 2850 431 2913 vocabulum
455 2851 510 2929 sit,
535 2848 673 2914 Graecae
697 2871 739 2913 en
763 2847 921 2915 Gallicae.

84 2937 193 3001 XXXI
234 2938 322 3013 Quae
359 2938 455 3001 verbe
486 2939 666 3022 legaverint
696 2936 792 3001 Rodii
824 2940 868 3003 ed
902 2938 994 3003 hostii

18 3023 131 3086 ducem
150 3024 359 3105 Demetrium,
383 3046 457 3089 cum
480 3026 520 3089 eb
545 3048 583 3091 eo
608 3026 844 3109 obsiderentur,
869 3026 994 3113 superi

19 3110 140 3173 incluta
163 3109 260 3192 lalysi
284 3115 432 3198 imagine.

149 3322 387 3397 CAPITVLA
416 3327 546 3400 LIBRI
575 3328 716 3400 SEXTI
748 3329 921 3403 cuelin

84 3458 100 3523 I
136 3458 244 3523 Verba
276 3460 404 3527 Musoni
437 3465 624 3550 philosophi
659 3465 780 3532 Graeca
814 3469 915 3555 dIgnu
940 3466 994 3557 {etr

19 3548 111 3611 utilia
132 3548 235 3611 audiri
255 3549 494 3634 observarique,
519 3555 726 3637 eiusdemque
746 3556 900 3622 utih'tstis
920 3562 994 3624 sent

19 3636 64 3700 tio
86 3636 165 3737 ‘XM'
186 3634 306 3699 Getone
330 3640 440 3702 multis
464 3646 537 3705 unte
561 3645 654 3706 snnis
673 3642 706 3708 N
708 3646 873 3710 umentiue
897 3648 940 3713 sd
959 3668 994 3730 eq

19 3728 67 3788 les
85 3725 335 3877 Illelluiusmodi
363 3813 406 3877 sit
432 3816 485 3879 lex
512 3817 598 3898 apud
622 3818 808 3884 dialecticos
832 3828 994 3906 percontu

20 3900 273 3984 disserendiqu03
297 3905 330 3964 ot
353 3922 434 3984 quse
458 3904 500 3966 sit
524 3904 592 3967 eius
615 3905 697 3989 legis
720 3909 940 3992 reprehensio.
