2392 4298
484 548 581 617 1132
1000 553 1041 615 41

78 708 216 772 natantem
234 711 446 775 membrorum
469 711 614 776 omnium
637 712 721 775 inter
744 734 778 776 se
797 715 1046 796 competentiam

77 795 234 863 modificatus
254 804 300 865 est
323 804 421 882 atque
444 801 489 863 ita
513 800 546 864 id
570 800 710 885 collegit,
736 802 822 883 quod
847 807 915 865 erat
938 823 1046 866 conse-

76 904 163 965 quens,
176 891 246 953 tanto
263 890 362 953 fuisse
375 886 548 953 Herculem
569 909 702 972 corpore
721 891 928 955 excelsiorem
949 912 1046 972 quarn

73 971 150 1123 iim,
166 984 264 1057 quanto
287 976 493 1062 Olympicum
519 977 656 1041 stadium
682 979 796 1043 ceteris
819 979 888 1063 pari
912 1001 1045 1043 numero

48 1086 63 1128 a
101 1062 148 1124 ctis
164 1068 285 1131 anteiret.

518 1188 549 1253 Π

71 1304 107 1357 Ab
128 1304 210 1364 Hnode
231 1312 326 1366 Attico
352 1310 379 1365 C.
400 1311 433 1364 V.
457 1311 623 1380 tempestive
652 1311 820 1381 deprompta
847 1312 876 1363 in
905 1313 1045 1379 quendam

100 1375 214 1435 iaruman
237 1386 267 1436 et
289 1381 444 1453 gloriosum
466 1381 688 1449 adulescentem,
713 1383 806 1452 specie
824 1384 937 1436 tantum
954 1383 1044 1453 philo-

99 1447 184 1515 sophiae
203 1457 384 1518 sectatorem,
407 1453 493 1507 verbe
513 1452 636 1523 Epicteti
657 1453 757 1519 Stoici,
782 1453 885 1522 quibus
908 1454 1046 1508 festiviter

30 1532 58 1575 1
98 1532 174 1574 arere
189 1523 279 1579 Stoico
299 1524 424 1578 seiunxit
440 1524 540 1593 uolgus
559 1523 721 1591 loquacium
739 1523 924 1588 nebulonum,
948 1526 995 1592 qui
1016 1541 1045 1578 se

97 1586 176 1645 Stoicos
191 1598 392 1664 nuncuparent.

118 1713 261 1786 Herodes
280 1722 451 1805 Atticus,
473 1724 523 1786 vir
546 1728 578 1787 et
602 1721 722 1787 Graeca
745 1723 895 1787 facundia
918 1725 950 1785 et
971 1744 1069 1789 con-1

63 1804 139 1869 ulrri
163 1808 278 1876 honore
311 1811 489 1895 praeditus,
521 1811 704 1876 accersebat
736 1833 843 1894 saepe,
880 1832 938 1874 nos
971 1832 1043 1874 cum

62 1894 128 1974 qud
154 1900 318 1985 magistros
350 1898 488 1964 Athenis
525 1921 680 1984 essemus,
717 1902 751 1963 in
785 1901 878 1963 villas
911 1900 940 1962 ei
971 1899 1043 1962 urbi

28 1984 188 2063 aproxinas
205 2010 257 2053 me
276 1993 309 2052 et
328 1989 541 2053 clarissimum
561 1989 666 2052 virum
682 1987 939 2053 Servilianum
960 2009 1044 2052 com-

61 2069 196 2157 pluresque
222 2078 305 2141 alios
333 2083 507 2159 nostrates,
535 2079 590 2160 qui
619 2076 724 2141 Roma
752 2079 786 2140 in
810 2075 975 2140 Graeciam
1005 2077 1043 2139 ad

60 2160 211 2241 capiendum
250 2167 373 2251 ingenii
410 2167 533 2230 cultum
571 2170 800 2230 concesserant.
856 2164 963 2248 Atque
999 2166 1070 2230 ibia

60 2252 126 2329 tunc,
143 2274 208 2317 cum
234 2276 377 2319 essemus
400 2255 487 2338 apud
511 2276 584 2318 eum
608 2256 643 2318 in
666 2255 756 2337 villa,
780 2256 832 2318 cui
854 2275 973 2317 nomen
996 2259 1044 2317 est

59 2332 184 2423 Cephisia,
202 2349 234 2407 et
252 2348 343 2406 aestu
362 2344 438 2407 anni
458 2347 490 2407 et
505 2344 608 2406 sidere
622 2343 769 2407 autumni
785 2343 1044 2427 flagrantissimo,

29 2429 292 2510 srupdsabamus
320 2432 524 2496 incommoda
552 2433 667 2495 caloris
691 2433 836 2495 lucorum
861 2431 975 2495 umbra
998 2433 1043 2493 in-

58 2517 178 2597 gotium,
199 2519 310 2604 longis
332 2521 526 2584 ambulacris
550 2527 582 2584 et
604 2520 765 2601 mollibus,
789 2519 915 2583 aedium
935 2521 1042 2602 positu

57 2602 234 2690 refilgeranti,
256 2609 394 2672 lavacris
417 2608 529 2672 nitidis
553 2614 585 2672 et
604 2608 740 2672 abundis
760 2613 792 2671 et
811 2608 1044 2671 collucentibus

56 2691 187 2777 hlimque
210 2698 307 2761 sillae
330 2702 498 2762 venustate
521 2697 614 2780 aquis
637 2697 779 2780 undique
804 2696 929 2760 canoris
947 2701 1044 2778 atque

56 2778 141 2846 avibus
161 2789 361 2868 personante.

27 2882 47 2925 Ι
102 2867 171 2937 Erat
200 2873 320 2938 ibidem
353 2873 523 2938 nobiscum
556 2873 653 2938 simul
686 2875 871 2937 adulescens
903 2872 1069 2955 philosoa

54 2952 125 3035 Plias
143 2966 288 3046 sectator,
311 2962 509 3046 disciplinae,
532 2968 569 3026 ut
591 2964 658 3045 ipse
678 2963 813 3043 dicebat,
837 2962 965 3042 stoicae,
990 2962 1044 3024 sed

53 3038 188 3141 leqmeior
205 3051 359 3135 inpendio
379 3055 412 3115 et
429 3053 619 3134 promptior.
658 3050 690 3114 Is
709 3051 898 3133 plerumque
917 3051 950 3113 in
971 3071 1069 3115 con-a

53 3134 117 3199 Vltio
136 3139 344 3221 sermonibus,
368 3140 424 3222 qui
448 3144 523 3222 post
543 3140 655 3223 epulas
674 3140 786 3203 haberi
805 3140 918 3220 solent,
941 3140 1043 3202 multa

52 3222 125 3303 eque
140 3226 298 3292 inmodica
310 3228 393 3307 (de)
409 3228 634 3311 philosophiae
650 3228 804 3292 doctrinis
820 3228 1043 3310 intempestive

10 3310 124 3393 ,utque
147 3316 293 3382 insubide
321 3316 498 3381 disserebat
521 3339 661 3400 praeque
686 3339 719 3380 so
741 3337 806 3381 uno
832 3321 953 3380 ceteros
977 3339 1042 3379 om-

50 3414 92 3461 nes
115 3402 239 3490 linguae
266 3403 396 3469 Atticae
426 3406 589 3488 principes
617 3411 810 3490 gentemque
840 3427 965 3469 omnem
996 3412 1042 3467 to-

45 3518 220 3539 Q—„u

98 3592 366 3667 arliaeprllaia
427 3596 736 3661 aerumnarum
794 3595 1041 3665 ervergarasa

41 3696 196 3719 ‘'hu——

55 3836 62 3849 ‚
96 3770 260 3829 aheneum
275 3794 297 3827 ω
309 3791 379 3829 corr.
392 3774 480 3829 Haris
494 3774 698 3828 iactabundum
707 3774 792 3845 ΔΖΜ
804 3781 837 3828 14
851 3773 1041 3842 uillis—pro-

39 3840 107 3897 nis
119 3842 156 3915 ρΙζ
165 3848 199 3899 10
213 3842 370 3915 Cephisiae,
385 3847 466 3899 aestu
479 3845 618 3917 Haberpt
628 3850 659 3898 21
677 3844 797 3899 molibus
813 3845 993 3917 alposticum
1008 3850 1043 3915 ςῑῑ

39 3912 64 3965 Ι
78 3913 152 3969 nris
170 3914 219 3971 Gr.
233 3919 244 3984 Ι
258 3920 291 3969 27
310 3914 474 3983 loqucncior
492 3920 515 3968 V
533 3919 582 3983 csr.
599 3920 688 3972 Amor.
705 3918 721 3969 t.
737 3917 754 3969 i.
769 3918 778 3984 ΙΙ
793 3921 826 3969 29
846 3916 935 3984 suppl.
952 3932 967 3967 σ
