2392 4298
136 116 177 177 358
435 114 612 170 rurruvnn
630 112 697 175 um.
716 114 788 170 XIX.
807 114 858 171 XX

135 278 265 342 dissime
289 283 349 358 est,
378 299 450 341 cum
474 277 534 341 hae
557 278 638 341 duaa
662 279 836 343 bestiarum
860 279 956 343 etiam
981 278 1061 357 sint,
1083 278 1148 342 reli·

134 388 216 450 quae
238 365 407 429 hominum
432 371 566 430 tantum.

199 453 247 518 III
274 454 369 531 Quod
391 456 517 538 turpius
540 460 590 518 est
612 456 729 541 frigide
748 456 871 519 laudari
890 478 989 539 quam
1009 454 1151 520 acerbius

132 544 316 627 vituperari.
1182 622 1185 629 Ι

199 630 247 695 IV
283 629 501 707 Quamobrem
535 636 646 696 venter
678 634 845 715 repentino
879 634 997 696 timore
1030 632 1155 715 effluat3
1193 651 1194 654 ’

134 742 231 803 quare
255 721 351 784 etiam
376 721 460 805 ignis
484 722 611 785 urinam
633 723 777 785 lacessat.

200 807 231 872 V
256 807 307 871 Ex
330 806 515 874 Aristotelis
537 809 629 873 libris
653 813 829 894 sumptum,
851 809 940 892 quod
963 809 1050 874 uiris
1073 828 1182 893 aqua¹

133 896 225 981 potui
245 897 383 980 pessima
402 898 457 981 sit3
476 901 509 962 et
527 899 614 981 quod
630 920 670 962 ex
683 899 758 962 nive
772 897 942 980 crystallus
957 902 1158 963 concreatur.

199 984 247 1049 VI
265 984 358 1062 Quod
377 986 482 1069 pudor
495 987 685 1071 sanguinem
700 987 740 1051 ad
754 991 863 1051 extera
876 985 1042 1069 diffundIt,
1060 986 1161 1052 timor

131 1096 208 1139 vero
232 1073 401 1139 contrahit.

200 1161 263 1227 VII
290 1162 374 1239 Quid
397 1163 440 1227 sit
459 1162 630 1245 ‘obesum'3
654 1163 874 1247 nonnullaque
892 1163 957 1227 alia
975 1164 1087 1247 prisea
1105 1184 1163 1229 ro·

135 1251 256 1316 cabula.

200 1338 277 1404 VIII
305 1338 466 1421 Quaestio,
487 1362 529 1403 an
548 1339 699 1423 ‘harena',
718 1338 877 1422 ‘caelum’‚
896 1338 1071 1405 ‘triticum’
1089 1341 1164 1425 plu·

132 1430 211 1492 ralia
226 1429 443 1511 inveniantu13
462 1433 559 1511 atque
573 1429 655 1493 inibi
669 1429 708 1494 de
722 1426 922 1515 ‘quadrigis’,
941 1427 1165 1513 ‘inimicitiiss’,

131 1518 296 1581 nonnullis
316 1522 479 1600 praeterea
498 1517 673 1595 vocabulis,
691 1540 734 1583 an
747 1517 904 1604 singulari
917 1538 1059 1583 numero
1073 1537 1165 1584 oom-

134 1606 260 1689 periaut
300 1656 306 1668 .

198 1692 245 1756 IX
268 1691 403 1758 Antonii
422 1692 539 1759 Iuliani
558 1695 592 1757 in
611 1694 759 1759 convivio
779 1695 819 1759 ad
838 1693 996 1777 quosdam
1015 1690 1164 1761 (Irascor

132 1782 330 1865 lepidissima
352 1783 527 1867 responsio.

199 1869 230 1933 X
252 1869 359 1934 Verba
377 1871 456 1936 haec
476 1871 613 1955 ‘praeter
631 1870 775 1955 propter’
794 1871 829 1935 in
848 1892 908 1935 usu
922 1869 1014 1956 volgi
1028 1870 1167 1956 prodita
1189 1873 1190 1876 ’

132 1959 230 2023 etiam
252 1958 352 2023 Ennii
374 1960 482 2024 fuisse.

199 2045 245 2111 XI
268 2047 366 2111 Ponit
383 2069 493 2112 versus
513 2047 657 2112 Platonis
675 2048 860 2130 amatorios,
878 2068 960 2130 quos
978 2048 1165 2115 admodum
1192 2073 1193 2078 ¹

132 2136 257 2202 iuvenis
280 2137 367 2219 lusit,
391 2137 467 2200 dum
491 2137 665 2222 tragoediis
689 2136 862 2201 contendit.

199 2224 261 2289 XII
293 2225 484 2289 Dissertatio
509 2223 647 2290 Herodis
670 2223 773 2289 Attici
800 2247 897 2310 super
923 2225 956 2289 ri
983 2227 1017 2289 st
1042 2230 1165 2291 natan

133 2313 252 2378 doloris
289 2335 429 2398 suaeque
466 2314 628 2398 opinionis
665 2314 838 2378 affirmatio
875 2336 934 2398 per
969 2315 1164 2398 exemplum

132 2402 254 2467 indocti
276 2403 398 2486 rustici,
422 2402 478 2486 qui
501 2423 575 2467 cum
597 2402 687 2467 rubis
710 2402 891 2467 fructiferas
914 2401 1049 2467 arbores
1069 2424 1165 2488 praa-

133 2490 218 2556 cidit.

199 2578 278 2642 XIII
314 2577 402 2654 Quos
439 2579 658 2664 ‘pumiliones’
691 2579 841 2660 dicimus,
878 2576 996 2643 Craece
1030 2579 1186 2658 νάνους.

134 2668 298 2751 appellari.

200 2754 278 2820 XIV
317 2754 611 2841 Contemporaneos
648 2757 748 2821 fuisse
780 2753 908 2820 Caesari
939 2758 972 2820 et
1006 2752 1163 2823 Ciceroni

134 2842 176 2908 M.
196 2844 375 2908 Varronem
398 2849 431 2910 et
454 2844 487 2908 P.
507 2843 690 2931 Nigidium,
713 2845 827 2909 aetatis
850 2864 926 2908 snae
949 2843 1163 2911 doctissimos

133 2930 312 3015 Rumonem
326 2937 359 2997 et
372 2934 459 3016 quod
468 2931 593 3019 Nigidii
605 2932 891 3000 commentationes
901 2936 1036 3016 propter
1046 2954 1163 2999 earum

134 3022 364 3087 obscuritatem
396 3021 672 3106 subtilitatemque
704 3022 739 3086 in
768 3023 884 3108 volgus
911 3042 979 3085 non
1006 3022 1164 3105 exeunt)

327 3236 566 3310 CAPITVLA
594 3237 723 3312 LIBRI
748 3230 995 3337 VICIISIMI]

200 3374 217 3439 I
248 3376 433 3461 Disputatio
458 3375 529 3441 Sex.
554 3375 685 3443 Caecilii
711 3374 922 3443 iureconsulti
947 3378 980 3440 et
1003 3372 1163 3443 Favorini

134 3463 321 3551 philosophi
344 3466 384 3531 de
406 3465 533 3553 legibus
557 3466 726 3532 duodecim
748 3463 941 3531 tabularum.
