<?xml version="1.0" encoding="UTF-8"?>
<!DOCTYPE html PUBLIC "-//W3C//DTD XHTML 1.0 Transitional//EN"
    "http://www.w3.org/TR/xhtml1/DTD/xhtml1-transitional.dtd">
<html xmlns="http://www.w3.org/1999/xhtml" xml:lang="en" lang="en">
 <head>
  <title>
</title>
<meta http-equiv="Content-Type" content="text/html;charset=utf-8" />
  <meta name='ocr-system' content='tesseract 3.04.00' />
  <meta name='ocr-capabilities' content='ocr_page ocr_carea ocr_par ocr_line ocrx_word'/>
</head>
<body>
  <div class='ocr_page' id='page_1' title='image "agelliinoctivma01gellgoog_0120.png"; bbox 0 0 2392 4298; ppageno 0'>
   <div class='ocr_carea' id='block_1_1' title="bbox 503 547 1060 616">
    <p class='ocr_par' dir='ltr' id='par_1_1' title="bbox 503 547 1060 616">
     <span class='ocr_line' id='line_1_1' title="bbox 503 547 1060 616; baseline 0.002 -14"><span class='ocrx_word' id='word_1_1' title='bbox 503 547 601 616; x_wconf 70' lang='lat'><strong>1334</strong></span> <span class='ocrx_word' id='word_1_2' title='bbox 1016 551 1060 616; x_wconf 83' lang='lat'><strong>49</strong></span> 
     </span>
    </p>
   </div>
   <div class='ocr_carea' id='block_1_2' title="bbox 72 709 1104 2474">
    <p class='ocr_par' dir='ltr' id='par_1_2' title="bbox 72 709 1060 1240">
     <span class='ocr_line' id='line_1_2' title="bbox 72 709 1060 796; baseline 0.005 -22"><span class='ocrx_word' id='word_1_3' title='bbox 72 709 208 795; x_wconf 72' lang='lat' dir='ltr'><strong>ligantia</strong></span> <span class='ocrx_word' id='word_1_4' title='bbox 229 730 329 793; x_wconf 82' lang='lat' dir='ltr'><strong>quam</strong></span> <span class='ocrx_word' id='word_1_5' title='bbox 351 730 425 775; x_wconf 91' lang='lat' dir='ltr'><strong>cum</strong></span> <span class='ocrx_word' id='word_1_6' title='bbox 442 710 632 777; x_wconf 86' lang='lat' dir='ltr'><strong>decernendi</strong></span> <span class='ocrx_word' id='word_1_7' title='bbox 651 714 809 778; x_wconf 86' lang='lat' dir='ltr'><strong>sententia</strong></span> <span class='ocrx_word' id='word_1_8' title='bbox 827 718 924 796; x_wconf 84' lang='lat' dir='ltr'><strong>atque</strong></span> <span class='ocrx_word' id='word_1_9' title='bbox 942 714 1060 779; x_wconf 87' lang='lat' dir='ltr'><strong>fiducia</strong></span> 
     </span>
     <span class='ocr_line' id='line_1_3' title="bbox 72 797 1059 886; baseline 0.006 -24"><span class='ocrx_word' id='word_1_10' title='bbox 72 797 178 879; x_wconf 73' lang='lat' dir='ltr'><strong>nituit,</strong></span> <span class='ocrx_word' id='word_1_11' title='bbox 194 800 352 881; x_wconf 85' lang='lat' dir='ltr'><strong>quoniam</strong></span> <span class='ocrx_word' id='word_1_12' title='bbox 370 799 514 883; x_wconf 81' lang='lat' dir='ltr'><strong>protecto</strong></span> <span class='ocrx_word' id='word_1_13' title='bbox 530 822 697 866; x_wconf 88' lang='lat' dir='ltr'><strong>causarum</strong></span> <span class='ocrx_word' id='word_1_14' title='bbox 711 822 749 865; x_wconf 92' lang='lat' dir='ltr'><strong>ac</strong></span> <span class='ocrx_word' id='word_1_15' title='bbox 762 806 945 886; x_wconf 85' lang='lat' dir='ltr'><strong>temporum</strong></span> <span class='ocrx_word' id='word_1_16' title='bbox 959 804 1059 869; x_wconf 83' lang='lat' dir='ltr'><strong>varie-</strong></span> 
     </span>
     <span class='ocr_line' id='line_1_4' title="bbox 72 887 1059 972; baseline 0.006 -21"><span class='ocrx_word' id='word_1_17' title='bbox 72 891 126 951; x_wconf 70' lang='lat' dir='ltr'><strong>aa</strong></span> <span class='ocrx_word' id='word_1_18' title='bbox 150 887 436 972; x_wconf 85' lang='lat' dir='ltr'><strong>discriminumque</strong></span> <span class='ocrx_word' id='word_1_19' title='bbox 462 910 501 954; x_wconf 91' lang='lat' dir='ltr'><strong>ac</strong></span> <span class='ocrx_word' id='word_1_20' title='bbox 528 889 781 954; x_wconf 88' lang='lat' dir='ltr'><strong>differentiarum</strong></span> <span class='ocrx_word' id='word_1_21' title='bbox 807 892 981 957; x_wconf 71' lang='lat' dir='ltr'><strong>tenuitates</strong></span> <span class='ocrx_word' id='word_1_22' title='bbox 1007 892 1059 957; x_wconf 89' lang='lat' dir='ltr'><strong>de-</strong></span> 
     </span>
     <span class='ocr_line' id='line_1_5' title="bbox 72 979 1057 1062; baseline 0.006 -23"><span class='ocrx_word' id='word_1_23' title='bbox 72 979 164 1039; x_wconf 75' lang='lat' dir='ltr'><strong>rectum</strong></span> <span class='ocrx_word' id='word_1_24' title='bbox 189 982 289 1060; x_wconf 77' lang='lat' dir='ltr'><strong>atque</strong></span> <span class='ocrx_word' id='word_1_25' title='bbox 316 982 509 1061; x_wconf 85' lang='lat' dir='ltr'><strong>perpetuum</strong></span> <span class='ocrx_word' id='word_1_26' title='bbox 536 979 786 1062; x_wconf 73' lang='lat' dir='ltr'><strong>distinctumque</strong></span> <span class='ocrx_word' id='word_1_27' title='bbox 814 980 849 1043; x_wconf 94' lang='lat' dir='ltr'><strong>in</strong></span> <span class='ocrx_word' id='word_1_28' title='bbox 875 980 971 1044; x_wconf 87' lang='lat' dir='ltr'><strong>rebus</strong></span> <span class='ocrx_word' id='word_1_29' title='bbox 995 982 1057 1047; x_wconf 89' lang='lat' dir='ltr'><strong>sin-</strong></span> 
     </span>
     <span class='ocr_line' id='line_1_6' title="bbox 72 1064 1057 1153; baseline 0.004 -23"><span class='ocrx_word' id='word_1_30' title='bbox 72 1064 131 1145; x_wconf 66' lang='lat' dir='ltr'><strong>golis</strong></span> <span class='ocrx_word' id='word_1_31' title='bbox 158 1070 379 1150; x_wconf 84' lang='lat' dir='ltr'><strong>praeceptum,</strong></span> <span class='ocrx_word' id='word_1_32' title='bbox 410 1066 498 1149; x_wconf 92' lang='lat' dir='ltr'><strong>quod</strong></span> <span class='ocrx_word' id='word_1_33' title='bbox 528 1089 589 1153; x_wconf 82' lang='lat' dir='ltr'><strong>ego</strong></span> <span class='ocrx_word' id='word_1_34' title='bbox 621 1089 680 1132; x_wconf 91' lang='lat' dir='ltr'><strong>nos</strong></span> <span class='ocrx_word' id='word_1_35' title='bbox 709 1069 745 1132; x_wconf 93' lang='lat' dir='ltr'><strong>in</strong></span> <span class='ocrx_word' id='word_1_36' title='bbox 771 1068 874 1152; x_wconf 84' lang='lat' dir='ltr'><strong>prima</strong></span> <span class='ocrx_word' id='word_1_37' title='bbox 901 1073 1057 1134; x_wconf 83' lang='lat' dir='ltr'><strong>tractatus</strong></span> 
     </span>
     <span class='ocr_line' id='line_1_7' title="bbox 75 1152 879 1240; baseline 0.004 -23"><span class='ocrx_word' id='word_1_38' title='bbox 75 1152 139 1217; x_wconf 73' lang='lat' dir='ltr'><strong>&#39;atu</strong></span> <span class='ocrx_word' id='word_1_39' title='bbox 159 1160 249 1238; x_wconf 79' lang='lat' dir='ltr'><strong>parte</strong></span> <span class='ocrx_word' id='word_1_40' title='bbox 272 1154 450 1220; x_wconf 85' lang='lat' dir='ltr'><strong>desiderare</strong></span> <span class='ocrx_word' id='word_1_41' title='bbox 473 1156 628 1239; x_wconf 78' lang='lat' dir='ltr'><strong>dixeram,</strong></span> <span class='ocrx_word' id='word_1_42' title='bbox 651 1178 718 1220; x_wconf 91' lang='lat' dir='ltr'><strong>non</strong></span> <span class='ocrx_word' id='word_1_43' title='bbox 740 1158 879 1240; x_wconf 91' lang='lat' dir='ltr'><strong>capiunt.</strong></span> 
     </span>
    </p>

    <p class='ocr_par' dir='ltr' id='par_1_3' title="bbox 72 1240 1104 1862">
     <span class='ocr_line' id='line_1_8' title="bbox 119 1240 1104 1329; baseline 0.005 -23"><span class='ocrx_word' id='word_1_44' title='bbox 119 1240 188 1307; x_wconf 79' lang='lat' dir='ltr'><strong>llius</strong></span> <span class='ocrx_word' id='word_1_45' title='bbox 205 1248 316 1309; x_wconf 87' lang='lat' dir='ltr'><strong>autem</strong></span> <span class='ocrx_word' id='word_1_46' title='bbox 330 1241 518 1327; x_wconf 78' lang='lat' dir='ltr'><strong>Chilonis,</strong></span> <span class='ocrx_word' id='word_1_47' title='bbox 536 1268 556 1309; x_wconf 91' lang='lat' dir='ltr'><strong>a</strong></span> <span class='ocrx_word' id='word_1_48' title='bbox 574 1267 638 1328; x_wconf 90' lang='lat' dir='ltr'><strong>quo</strong></span> <span class='ocrx_word' id='word_1_49' title='bbox 655 1244 946 1329; x_wconf 76' lang='lat' dir='ltr'><strong>disputatiunculae</strong></span> <span class='ocrx_word' id='word_1_50' title='bbox 960 1246 1056 1310; x_wconf 89' lang='lat' dir='ltr'><strong>huius</strong></span> <span class='ocrx_word' id='word_1_51' title='bbox 1068 1263 1104 1311; x_wconf 82' lang='lat'><strong>30</strong></span> 
     </span>
     <span class='ocr_line' id='line_1_9' title="bbox 79 1327 1059 1417; baseline 0.004 -22"><span class='ocrx_word' id='word_1_52' title='bbox 79 1327 172 1395; x_wconf 76' lang='lat' dir='ltr'><strong>&#39;aritium</strong></span> <span class='ocrx_word' id='word_1_53' title='bbox 192 1332 338 1415; x_wconf 84' lang='lat' dir='ltr'><strong>fecimus,</strong></span> <span class='ocrx_word' id='word_1_54' title='bbox 361 1354 434 1398; x_wconf 91' lang='lat' dir='ltr'><strong>cum</strong></span> <span class='ocrx_word' id='word_1_55' title='bbox 457 1335 521 1398; x_wconf 85' lang='lat' dir='ltr'><strong>alia</strong></span> <span class='ocrx_word' id='word_1_56' title='bbox 544 1333 700 1417; x_wconf 83' lang='lat' dir='ltr'><strong>quaedam</strong></span> <span class='ocrx_word' id='word_1_57' title='bbox 723 1340 799 1398; x_wconf 85' lang='lat' dir='ltr'><strong>sunt</strong></span> <span class='ocrx_word' id='word_1_58' title='bbox 821 1336 943 1399; x_wconf 89' lang='lat' dir='ltr'><strong>monita</strong></span> <span class='ocrx_word' id='word_1_59' title='bbox 967 1336 1059 1399; x_wconf 88' lang='lat' dir='ltr'><strong>utilia</strong></span> 
     </span>
     <span class='ocr_line' id='line_1_10' title="bbox 79 1421 1058 1507; baseline 0.003 -22"><span class='ocrx_word' id='word_1_60' title='bbox 79 1421 144 1500; x_wconf 67' lang='lat' dir='ltr'><strong>*tque</strong></span> <span class='ocrx_word' id='word_1_61' title='bbox 168 1422 350 1505; x_wconf 86' lang='lat' dir='ltr'><strong>prudentia,</strong></span> <span class='ocrx_word' id='word_1_62' title='bbox 376 1428 447 1487; x_wconf 92' lang='lat' dir='ltr'><strong>tum</strong></span> <span class='ocrx_word' id='word_1_63' title='bbox 475 1422 508 1487; x_wconf 91' lang='lat' dir='ltr'><strong>id</strong></span> <span class='ocrx_word' id='word_1_64' title='bbox 535 1425 674 1487; x_wconf 86' lang='lat' dir='ltr'><strong>maxime</strong></span> <span class='ocrx_word' id='word_1_65' title='bbox 701 1424 886 1507; x_wconf 77' lang='lat' dir='ltr'><strong>exploratae</strong></span> <span class='ocrx_word' id='word_1_66' title='bbox 909 1424 1058 1489; x_wconf 86' lang='lat' dir='ltr'><strong>utilitatis</strong></span> 
     </span>
     <span class='ocr_line' id='line_1_11' title="bbox 72 1509 1059 1594; baseline 0.005 -23"><span class='ocrx_word' id='word_1_67' title='bbox 72 1510 120 1587; x_wconf 67' lang='lat' dir='ltr'><strong>ud,</strong></span> <span class='ocrx_word' id='word_1_68' title='bbox 138 1509 220 1591; x_wconf 91' lang='lat' dir='ltr'><strong>quod</strong></span> <span class='ocrx_word' id='word_1_69' title='bbox 247 1510 326 1574; x_wconf 85' lang='lat' dir='ltr'><strong>duaa</strong></span> <span class='ocrx_word' id='word_1_70' title='bbox 353 1511 567 1576; x_wconf 86' lang='lat' dir='ltr'><strong>ferocissimas</strong></span> <span class='ocrx_word' id='word_1_71' title='bbox 594 1512 789 1577; x_wconf 82' lang='lat' dir='ltr'><strong>adfectiones</strong></span> <span class='ocrx_word' id='word_1_72' title='bbox 816 1513 934 1576; x_wconf 87' lang='lat' dir='ltr'><strong>amoris</strong></span> <span class='ocrx_word' id='word_1_73' title='bbox 962 1517 1059 1594; x_wconf 88' lang='lat' dir='ltr'><strong>atque</strong></span> 
     </span>
     <span class='ocr_line' id='line_1_12' title="bbox 81 1592 1059 1682; baseline 0.002 -20"><span class='ocrx_word' id='word_1_74' title='bbox 81 1592 122 1661; x_wconf 77' lang='lat' dir='ltr'><strong>di</strong></span> <span class='ocrx_word' id='word_1_75' title='bbox 139 1600 218 1663; x_wconf 87' lang='lat' dir='ltr'><strong>intra</strong></span> <span class='ocrx_word' id='word_1_76' title='bbox 239 1599 373 1663; x_wconf 91' lang='lat' dir='ltr'><strong>modum</strong></span> <span class='ocrx_word' id='word_1_77' title='bbox 396 1604 526 1665; x_wconf 89' lang='lat' dir='ltr'><strong>cautum</strong></span> <span class='ocrx_word' id='word_1_78' title='bbox 549 1602 697 1666; x_wconf 87' lang='lat' dir='ltr'><strong>coercuit.</strong></span> <span class='ocrx_word' id='word_1_79' title='bbox 743 1600 837 1665; x_wconf 73' lang='lat' dir='ltr'><strong>‘Hac’</strong></span> <span class='ocrx_word' id='word_1_80' title='bbox 860 1601 967 1682; x_wconf 92' lang='lat' dir='ltr'><strong>inquit</strong></span> <span class='ocrx_word' id='word_1_81' title='bbox 989 1601 1059 1664; x_wconf 81' lang='lat' dir='ltr'><strong>‘fini</strong></span> 
     </span>
     <span class='ocr_line' id='line_1_13' title="bbox 79 1689 1058 1771; baseline 0.002 -21"><span class='ocrx_word' id='word_1_82' title='bbox 79 1702 147 1767; x_wconf 75' lang='lat' dir='ltr'><strong>nes,</strong></span> <span class='ocrx_word' id='word_1_83' title='bbox 175 1692 340 1771; x_wconf 82' lang='lat' dir='ltr'><strong>tamquam</strong></span> <span class='ocrx_word' id='word_1_84' title='bbox 371 1689 456 1753; x_wconf 83' lang='lat' dir='ltr'><strong>forte</strong></span> <span class='ocrx_word' id='word_1_85' title='bbox 486 1689 617 1755; x_wconf 79' lang='lat' dir='ltr'><strong>fortuna</strong></span> <span class='ocrx_word' id='word_1_86' title='bbox 646 1696 679 1754; x_wconf 89' lang='lat' dir='ltr'><strong>et</strong></span> <span class='ocrx_word' id='word_1_87' title='bbox 706 1711 832 1771; x_wconf 85' lang='lat' dir='ltr'><strong>esurus,</strong></span> <span class='ocrx_word' id='word_1_88' title='bbox 864 1689 925 1753; x_wconf 82' lang='lat' dir='ltr'><strong>hac</strong></span> <span class='ocrx_word' id='word_1_89' title='bbox 946 1689 1058 1754; x_wconf 87' lang='lat' dir='ltr'><strong>itidem</strong></span> 
     </span>
     <span class='ocr_line' id='line_1_14' title="bbox 78 1774 927 1862; baseline 0.005 -23"><span class='ocrx_word' id='word_1_90' title='bbox 78 1774 142 1839; x_wconf 74' lang='lat' dir='ltr'><strong>taus</strong></span> <span class='ocrx_word' id='word_1_91' title='bbox 161 1777 278 1860; x_wconf 86' lang='lat' dir='ltr'><strong>oderis,</strong></span> <span class='ocrx_word' id='word_1_92' title='bbox 300 1782 466 1860; x_wconf 84' lang='lat' dir='ltr'><strong>tamquam</strong></span> <span class='ocrx_word' id='word_1_93' title='bbox 487 1778 623 1844; x_wconf 81' lang='lat' dir='ltr'><strong>tortasse</strong></span> <span class='ocrx_word' id='word_1_94' title='bbox 646 1783 720 1862; x_wconf 93' lang='lat' dir='ltr'><strong>post</strong></span> <span class='ocrx_word' id='word_1_95' title='bbox 742 1777 927 1843; x_wconf 70' lang='lat' dir='ltr'><strong>amaturus?</strong></span> 
     </span>
    </p>

    <p class='ocr_par' dir='ltr' id='par_1_4' title="bbox 78 1862 1102 2474">
     <span class='ocr_line' id='line_1_15' title="bbox 122 1862 1102 1952; baseline 0.004 -25"><span class='ocrx_word' id='word_1_96' title='bbox 122 1862 214 1949; x_wconf 81' lang='lat' dir='ltr'><strong>Super</strong></span> <span class='ocrx_word' id='word_1_97' title='bbox 245 1865 309 1930; x_wconf 90' lang='lat' dir='ltr'><strong>hoc</strong></span> <span class='ocrx_word' id='word_1_98' title='bbox 335 1867 447 1931; x_wconf 85' lang='lat' dir='ltr'><strong>eodem</strong></span> <span class='ocrx_word' id='word_1_99' title='bbox 475 1865 636 1932; x_wconf 81' lang='lat' dir='ltr'><strong>Chilone</strong></span> <span class='ocrx_word' id='word_1_100' title='bbox 659 1866 890 1932; x_wconf 80' lang='lat' dir='ltr'><strong>Plutarchus</strong></span> <span class='ocrx_word' id='word_1_101' title='bbox 917 1865 1102 1952; x_wconf 74' lang='lat' dir='ltr'><strong>philone-31</strong></span> 
     </span>
     <span class='ocr_line' id='line_1_16' title="bbox 79 1946 1058 2040; baseline 0.007 -27"><span class='ocrx_word' id='word_1_102' title='bbox 79 1946 135 2029; x_wconf 81' lang='lat' dir='ltr'><strong>plus</strong></span> <span class='ocrx_word' id='word_1_103' title='bbox 154 1956 185 2018; x_wconf 91' lang='lat' dir='ltr'><strong>in</strong></span> <span class='ocrx_word' id='word_1_104' title='bbox 206 1956 309 2020; x_wconf 92' lang='lat' dir='ltr'><strong>libro</strong></span> <span class='ocrx_word' id='word_1_105' title='bbox 331 1956 421 2039; x_wconf 74' lang='grc' dir='ltr'><strong>περὶ</strong></span> <span class='ocrx_word' id='word_1_106' title='bbox 442 1966 568 2040; x_wconf 75' lang='grc' dir='ltr'><strong><em>ψυχης</em></strong></span> <span class='ocrx_word' id='word_1_107' title='bbox 590 1958 711 2040; x_wconf 91' lang='lat' dir='ltr'><strong>primo</strong></span> <span class='ocrx_word' id='word_1_108' title='bbox 734 1955 929 2038; x_wconf 61' lang='lat' dir='ltr'><strong>(1711ch</strong></span> <span class='ocrx_word' id='word_1_109' title='bbox 947 1954 1058 2039; x_wconf 77' lang='lat' dir='ltr'><strong>Bam.)</strong></span> 
     </span>
     <span class='ocr_line' id='line_1_17' title="bbox 80 2040 1059 2128; baseline 0.006 -26"><span class='ocrx_word' id='word_1_110' title='bbox 80 2040 154 2106; x_wconf 76' lang='lat' dir='ltr'><strong>verbis</strong></span> <span class='ocrx_word' id='word_1_111' title='bbox 176 2042 226 2108; x_wconf 89' lang='lat' dir='ltr'><strong>his</strong></span> <span class='ocrx_word' id='word_1_112' title='bbox 249 2046 295 2108; x_wconf 88' lang='lat' dir='ltr'><strong>ita</strong></span> <span class='ocrx_word' id='word_1_113' title='bbox 319 2046 459 2128; x_wconf 85' lang='lat' dir='ltr'><strong>scripsit:</strong></span> <span class='ocrx_word' id='word_1_114' title='bbox 487 2048 638 2110; x_wconf 84' lang='grc' dir='ltr'><strong><em>Χείλων</em></strong></span> <span class='ocrx_word' id='word_1_115' title='bbox 660 2045 678 2110; x_wconf 87' lang='grc' dir='ltr'>ὁ</span> <span class='ocrx_word' id='word_1_116' title='bbox 701 2045 866 2121; x_wconf 78' lang='grc' dir='ltr'><strong><em>παλαιὸς</em></strong></span> <span class='ocrx_word' id='word_1_117' title='bbox 888 2045 1059 2120; x_wconf 80' lang='grc' dir='ltr'><strong><em>ἀκούσας</em></strong></span> 
     </span>
     <span class='ocr_line' id='line_1_18' title="bbox 79 2132 1057 2219; baseline 0.01 -31"><span class='ocrx_word' id='word_1_118' title='bbox 79 2133 156 2206; x_wconf 74' lang='grc' dir='ltr'><strong><em>τινὸς</em></strong></span> <span class='ocrx_word' id='word_1_119' title='bbox 176 2132 362 2214; x_wconf 79' lang='grc' dir='ltr'><strong><em>λέγοντος</em></strong></span> <span class='ocrx_word' id='word_1_120' title='bbox 383 2133 531 2218; x_wconf 81' lang='grc' dir='ltr'><strong><em>μηδένα</em></strong></span> <span class='ocrx_word' id='word_1_121' title='bbox 554 2137 658 2219; x_wconf 82' lang='grc' dir='ltr'><strong><em>ἔχειν</em></strong></span> <span class='ocrx_word' id='word_1_122' title='bbox 681 2132 826 2218; x_wconf 78' lang='grc' dir='ltr'><strong><em>ἐχθρὸν</em></strong></span> <span class='ocrx_word' id='word_1_123' title='bbox 844 2134 1057 2217; x_wconf 78' lang='grc' dir='ltr'><strong><em>ἠρώτησεν,</em></strong></span> 
     </span>
     <span class='ocr_line' id='line_1_19' title="bbox 79 2216 1058 2308; baseline 0.003 -24"><span class='ocrx_word' id='word_1_124' title='bbox 79 2216 101 2279; x_wconf 66' lang='grc' dir='ltr'><strong>εί</strong></span> <span class='ocrx_word' id='word_1_125' title='bbox 115 2221 246 2301; x_wconf 74' lang='grc' dir='ltr'><strong><em>μηδένα</em></strong></span> <span class='ocrx_word' id='word_1_126' title='bbox 269 2226 389 2305; x_wconf 84' lang='grc' dir='ltr'><strong><em>φίλον</em></strong></span> <span class='ocrx_word' id='word_1_127' title='bbox 412 2219 506 2308; x_wconf 80' lang='grc' dir='ltr'><em>ἔχει,</em></span> <span class='ocrx_word' id='word_1_128' title='bbox 529 2225 697 2307; x_wconf 82' lang='grc' dir='ltr'><strong><em>νομίζων</em></strong></span> <span class='ocrx_word' id='word_1_129' title='bbox 720 2222 756 2300; x_wconf 80' lang='grc' dir='ltr'><strong>ἐξ</strong></span> <span class='ocrx_word' id='word_1_130' title='bbox 780 2221 951 2305; x_wconf 80' lang='grc' dir='ltr'><strong><em>ἀνάγκης</em></strong></span> <span class='ocrx_word' id='word_1_131' title='bbox 968 2222 1058 2287; x_wconf 80' lang='grc' dir='ltr'><strong><em>ἐπα·</em></strong></span> 
     </span>
     <span class='ocr_line' id='line_1_20' title="bbox 79 2309 1058 2396; baseline 0.009 -30"><span class='ocrx_word' id='word_1_132' title='bbox 79 2310 258 2375; x_wconf 74' lang='grc' dir='ltr'><strong><em>κολονθεῑν</em></strong></span> <span class='ocrx_word' id='word_1_133' title='bbox 298 2309 363 2376; x_wconf 80' lang='grc' dir='ltr'><strong>καί</strong></span> <span class='ocrx_word' id='word_1_134' title='bbox 402 2310 741 2396; x_wconf 81' lang='grc' dir='ltr'><strong><em>σννεμπλίκεσθαι</em></strong></span> <span class='ocrx_word' id='word_1_135' title='bbox 778 2315 932 2395; x_wconf 81' lang='grc' dir='ltr'><strong><em>φιλίαις</em></strong></span> <span class='ocrx_word' id='word_1_136' title='bbox 969 2310 1058 2375; x_wconf 81' lang='grc' dir='ltr'><strong><em>ἀπε-</em></strong></span> 
     </span>
     <span class='ocr_line' id='line_1_21' title="bbox 78 2398 187 2474; baseline 0.046 -17"><span class='ocrx_word' id='word_1_137' title='bbox 78 2398 187 2474; x_wconf 68' lang='grc' dir='ltr'><strong>χθείας,</strong></span> 
     </span>
    </p>
   </div>
   <div class='ocr_carea' id='block_1_3' title="bbox 526 2558 573 2624">
    <p class='ocr_par' dir='ltr' id='par_1_5' title="bbox 526 2558 573 2624">
     <span class='ocr_line' id='line_1_22' title="bbox 526 2558 573 2624; baseline 0 0"><span class='ocrx_word' id='word_1_138' title='bbox 526 2558 573 2624; x_wconf 86' lang='lat' dir='ltr'><strong>IV</strong></span> 
     </span>
    </p>
   </div>
   <div class='ocr_carea' id='block_1_4' title="bbox 78 2669 1057 2822">
    <p class='ocr_par' dir='ltr' id='par_1_6' title="bbox 78 2669 1057 2822">
     <span class='ocr_line' id='line_1_23' title="bbox 78 2669 1057 2750; baseline -0.005 -15"><span class='ocrx_word' id='word_1_139' title='bbox 78 2669 140 2735; x_wconf 60' lang='lat' dir='ltr'><strong>hwa</strong></span> <span class='ocrx_word' id='word_1_140' title='bbox 163 2680 283 2734; x_wconf 83' lang='lat' dir='ltr'><strong>tenuiter</strong></span> <span class='ocrx_word' id='word_1_141' title='bbox 311 2681 475 2749; x_wconf 87' lang='lat' dir='ltr'><strong>curioseque</strong></span> <span class='ocrx_word' id='word_1_142' title='bbox 502 2680 688 2750; x_wconf 84' lang='lat' dir='ltr'><strong>exploraverit</strong></span> <span class='ocrx_word' id='word_1_143' title='bbox 714 2679 852 2734; x_wconf 84' lang='lat' dir='ltr'><strong>Antonius</strong></span> <span class='ocrx_word' id='word_1_144' title='bbox 875 2678 1000 2732; x_wconf 87' lang='lat' dir='ltr'><strong>Iulianus</strong></span> <span class='ocrx_word' id='word_1_145' title='bbox 1027 2678 1057 2730; x_wconf 91' lang='lat' dir='ltr'><strong>in</strong></span> 
     </span>
     <span class='ocr_line' id='line_1_24' title="bbox 100 2749 854 2822; baseline 0.004 -21"><span class='ocrx_word' id='word_1_146' title='bbox 100 2749 205 2805; x_wconf 73' lang='lat' dir='ltr'><strong>ossone</strong></span> <span class='ocrx_word' id='word_1_147' title='bbox 223 2750 260 2803; x_wconf 85' lang='lat' dir='ltr'><strong>n.</strong></span> <span class='ocrx_word' id='word_1_148' title='bbox 276 2750 362 2804; x_wconf 87' lang='lat' dir='ltr'><strong>Tullii</strong></span> <span class='ocrx_word' id='word_1_149' title='bbox 380 2752 459 2806; x_wconf 81' lang='lat' dir='ltr'><strong>verbi</strong></span> <span class='ocrx_word' id='word_1_150' title='bbox 477 2752 513 2806; x_wconf 88' lang='lat' dir='ltr'><strong>ab</strong></span> <span class='ocrx_word' id='word_1_151' title='bbox 532 2769 566 2807; x_wconf 89' lang='lat' dir='ltr'><strong>eo</strong></span> <span class='ocrx_word' id='word_1_152' title='bbox 585 2753 687 2806; x_wconf 88' lang='lat' dir='ltr'><strong>mutati</strong></span> <span class='ocrx_word' id='word_1_153' title='bbox 706 2751 854 2822; x_wconf 79' lang='lat' dir='ltr'><strong>argutiam.</strong></span> 
     </span>
    </p>
   </div>
   <div class='ocr_carea' id='block_1_5' title="bbox 77 2872 1099 3053">
    <p class='ocr_par' dir='ltr' id='par_1_7' title="bbox 77 2872 1099 3053">
     <span class='ocr_line' id='line_1_25' title="bbox 122 2872 1099 2963; baseline 0.005 -25"><span class='ocrx_word' id='word_1_154' title='bbox 122 2872 302 2941; x_wconf 75' lang='lat' dir='ltr'><strong>Antonius</strong></span> <span class='ocrx_word' id='word_1_155' title='bbox 324 2877 496 2942; x_wconf 87' lang='lat' dir='ltr'><strong>lulianus</strong></span> <span class='ocrx_word' id='word_1_156' title='bbox 524 2880 634 2943; x_wconf 88' lang='lat' dir='ltr'><strong>rhetor</strong></span> <span class='ocrx_word' id='word_1_157' title='bbox 660 2901 814 2963; x_wconf 87' lang='lat' dir='ltr'><strong>perquam</strong></span> <span class='ocrx_word' id='word_1_158' title='bbox 841 2879 904 2942; x_wconf 85' lang='lat' dir='ltr'><strong>fuit</strong></span> <span class='ocrx_word' id='word_1_159' title='bbox 926 2877 1054 2940; x_wconf 88' lang='lat' dir='ltr'><strong>honesti</strong></span> <span class='ocrx_word' id='word_1_160' title='bbox 1084 2896 1099 2943; x_wconf 87' lang='lat'>1</span> 
     </span>
     <span class='ocr_line' id='line_1_26' title="bbox 77 2962 1057 3053; baseline 0.005 -28"><span class='ocrx_word' id='word_1_161' title='bbox 77 2962 147 3043; x_wconf 55' lang='lat' dir='ltr'><strong>mque</strong></span> <span class='ocrx_word' id='word_1_162' title='bbox 165 2968 289 3030; x_wconf 87' lang='lat' dir='ltr'><strong>amoeni</strong></span> <span class='ocrx_word' id='word_1_163' title='bbox 312 2968 428 3053; x_wconf 82' lang='lat' dir='ltr'><strong>ingeni.</strong></span> <span class='ocrx_word' id='word_1_164' title='bbox 469 2966 625 3032; x_wconf 82' lang='lat' dir='ltr'><strong>Doctrina</strong></span> <span class='ocrx_word' id='word_1_165' title='bbox 646 2989 773 3051; x_wconf 90' lang='lat' dir='ltr'><strong>quoque</strong></span> <span class='ocrx_word' id='word_1_166' title='bbox 792 2969 853 3031; x_wconf 87' lang='lat' dir='ltr'><strong>ista</strong></span> <span class='ocrx_word' id='word_1_167' title='bbox 872 2967 1001 3031; x_wconf 88' lang='lat' dir='ltr'><strong>utiliore</strong></span> <span class='ocrx_word' id='word_1_168' title='bbox 1019 2988 1057 3030; x_wconf 89' lang='lat' dir='ltr'><strong>ac</strong></span> 
     </span>
    </p>
   </div>
   <div class='ocr_carea' id='block_1_6' title="bbox 78 3090 255 3110">
    <p class='ocr_par' dir='ltr' id='par_1_8' title="bbox 78 3090 255 3110">
     <span class='ocr_line' id='line_1_27' title="bbox 78 3090 255 3110; baseline 0 0"><span class='ocrx_word' id='word_1_169' title='bbox 78 3090 255 3110; x_wconf 32' lang='grc' dir='ltr'><strong>κ.-</strong></span> 
     </span>
    </p>
   </div>
   <div class='ocr_carea' id='block_1_7' title="bbox 77 3166 1055 3309">
    <p class='ocr_par' dir='ltr' id='par_1_9' title="bbox 77 3166 1055 3309">
     <span class='ocr_line' id='line_1_28' title="bbox 128 3166 1055 3238; baseline 0.003 -20"><span class='ocrx_word' id='word_1_170' title='bbox 128 3171 153 3219; x_wconf 88' lang='grc'><strong>11</strong></span> <span class='ocrx_word' id='word_1_171' title='bbox 171 3166 244 3220; x_wconf 74' lang='lat' dir='ltr'>XVII</span> <span class='ocrx_word' id='word_1_172' title='bbox 255 3173 296 3233; x_wconf 75' lang='lat'><strong>14,</strong></span> <span class='ocrx_word' id='word_1_173' title='bbox 310 3173 336 3234; x_wconf 80' lang='lat'><strong>4,</strong></span> <span class='ocrx_word' id='word_1_174' title='bbox 353 3173 386 3221; x_wconf 88' lang='lat'><strong>10</strong></span> <span class='ocrx_word' id='word_1_175' title='bbox 399 3167 462 3223; x_wconf 78' lang='lat' dir='ltr'><strong>val.</strong></span> <span class='ocrx_word' id='word_1_176' title='bbox 476 3168 550 3223; x_wconf 84' lang='lat' dir='ltr'><strong>Max.</strong></span> <span class='ocrx_word' id='word_1_177' title='bbox 565 3169 646 3222; x_wconf 80' lang='lat' dir='ltr'><strong>vna</strong></span> <span class='ocrx_word' id='word_1_178' title='bbox 661 3171 714 3223; x_wconf 86' lang='lat' dir='ltr'><strong>ext.</strong></span> <span class='ocrx_word' id='word_1_179' title='bbox 730 3174 746 3221; x_wconf 81' lang='lat'><strong>3</strong></span> <span class='ocrx_word' id='word_1_180' title='bbox 762 3167 841 3238; x_wconf 80' lang='lat' dir='ltr'><strong>Diog.</strong></span> <span class='ocrx_word' id='word_1_181' title='bbox 858 3168 887 3223; x_wconf 88' lang='lat' dir='ltr'><strong>L.</strong></span> <span class='ocrx_word' id='word_1_182' title='bbox 902 3168 954 3236; x_wconf 79' lang='lat'><strong>15,</strong></span> <span class='ocrx_word' id='word_1_183' title='bbox 970 3176 985 3222; x_wconf 81' lang='lat'>5</span> <span class='ocrx_word' id='word_1_184' title='bbox 1000 3172 1055 3238; x_wconf 83' lang='grc'>(87)</span> 
     </span>
     <span class='ocr_line' id='line_1_29' title="bbox 77 3226 368 3309; baseline 0.017 -22"><span class='ocrx_word' id='word_1_185' title='bbox 77 3226 131 3300; x_wconf 77' lang='lat' dir='ltr'><strong>oco,</strong></span> <span class='ocrx_word' id='word_1_186' title='bbox 146 3236 272 3307; x_wconf 77' lang='lat' dir='ltr'><strong>Sprichw.</strong></span> <span class='ocrx_word' id='word_1_187' title='bbox 291 3258 319 3309; x_wconf 92' lang='lat' dir='ltr'><strong>p.</strong></span> <span class='ocrx_word' id='word_1_188' title='bbox 334 3245 368 3292; x_wconf 80' lang='lat'><strong>21</strong></span> 
     </span>
    </p>
   </div>
   <div class='ocr_carea' id='block_1_8' title="bbox 77 3349 256 3368">
    <p class='ocr_par' dir='ltr' id='par_1_10' title="bbox 77 3349 256 3368">
     <span class='ocr_line' id='line_1_30' title="bbox 77 3349 256 3368; baseline 0 -7"><span class='ocrx_word' id='word_1_189' title='bbox 77 3349 256 3368; x_wconf 36' lang='grc' dir='ltr'><strong>κ*</strong></span> 
     </span>
    </p>
   </div>
   <div class='ocr_carea' id='block_1_9' title="bbox 72 3425 1057 4068">
    <p class='ocr_par' dir='ltr' id='par_1_11' title="bbox 72 3425 1057 3997">
     <span class='ocr_line' id='line_1_31' title="bbox 97 3425 1056 3500; baseline 0.002 -25"><span class='ocrx_word' id='word_1_190' title='bbox 97 3489 103 3500; x_wconf 23' lang='grc' dir='ltr'><strong><em>ρ</em></strong></span> <span class='ocrx_word' id='word_1_191' title='bbox 126 3428 139 3475; x_wconf 82' lang='lat' dir='ltr'><strong>t</strong></span> <span class='ocrx_word' id='word_1_192' title='bbox 154 3426 274 3497; x_wconf 83' lang='lat' dir='ltr'><strong>scribsit]</strong></span> <span class='ocrx_word' id='word_1_193' title='bbox 290 3431 313 3479; x_wconf 79' lang='grc' dir='ltr'><strong>Δ</strong></span> <span class='ocrx_word' id='word_1_194' title='bbox 332 3426 468 3480; x_wconf 83' lang='lat' dir='ltr'><strong>seruitute</strong></span> <span class='ocrx_word' id='word_1_195' title='bbox 482 3448 504 3480; x_wconf 86' lang='grc' dir='ltr'><strong><em>ω</em></strong></span> <span class='ocrx_word' id='word_1_196' title='bbox 520 3427 525 3498; x_wconf 84' lang='grc' dir='ltr'>Ι</span> <span class='ocrx_word' id='word_1_197' title='bbox 541 3441 688 3480; x_wconf 84' lang='lat' dir='ltr'><strong>causarum</strong></span> <span class='ocrx_word' id='word_1_198' title='bbox 702 3457 735 3464; x_wconf 97' lang='lat'><em>-</em></span> <span class='ocrx_word' id='word_1_199' title='bbox 750 3425 915 3497; x_wconf 85' lang='lat' dir='ltr'><strong>tenuitates]</strong></span> <span class='ocrx_word' id='word_1_200' title='bbox 930 3430 953 3478; x_wconf 84' lang='grc' dir='ltr'><strong>Δ</strong></span> <span class='ocrx_word' id='word_1_201' title='bbox 971 3441 1056 3479; x_wconf 89' lang='lat' dir='ltr'><strong>causa</strong></span> 
     </span>
     <span class='ocr_line' id='line_1_32' title="bbox 72 3495 1056 3566; baseline 0 -18"><span class='ocrx_word' id='word_1_202' title='bbox 72 3495 164 3549; x_wconf 72' lang='lat' dir='ltr'><strong>nune</strong></span> <span class='ocrx_word' id='word_1_203' title='bbox 184 3513 330 3566; x_wconf 85' lang='lat' dir='ltr'><strong>corporum</strong></span> <span class='ocrx_word' id='word_1_204' title='bbox 349 3497 504 3552; x_wconf 72' lang='lat' dir='ltr'><strong>annotatos</strong></span> <span class='ocrx_word' id='word_1_205' title='bbox 527 3498 770 3565; x_wconf 88' lang='lat' dir='ltr'><strong>diaermonumque</strong></span> <span class='ocrx_word' id='word_1_206' title='bbox 794 3513 827 3550; x_wconf 89' lang='lat' dir='ltr'><strong>ac</strong></span> <span class='ocrx_word' id='word_1_207' title='bbox 846 3496 904 3550; x_wconf 82' lang='lat' dir='ltr'><strong>diff.</strong></span> <span class='ocrx_word' id='word_1_208' title='bbox 924 3497 1056 3566; x_wconf 77' lang='lat' dir='ltr'><strong>ignorau-</strong></span> 
     </span>
     <span class='ocr_line' id='line_1_33' title="bbox 72 3560 1056 3640; baseline 0 -21"><span class='ocrx_word' id='word_1_209' title='bbox 72 3560 106 3613; x_wconf 55' lang='grc' dir='ltr'>Β</span> <span class='ocrx_word' id='word_1_210' title='bbox 120 3570 186 3634; x_wconf 74' lang='lat' dir='ltr'><strong>alt</strong></span> <span class='ocrx_word' id='word_1_211' title='bbox 212 3568 356 3622; x_wconf 81' lang='lat' dir='ltr'><strong>decretum</strong></span> <span class='ocrx_word' id='word_1_212' title='bbox 378 3570 454 3637; x_wconf 76' lang='grc' dir='ltr'><strong>Δ118</strong></span> <span class='ocrx_word' id='word_1_213' title='bbox 481 3569 600 3640; x_wconf 89' lang='lat' dir='ltr'><strong>monita]</strong></span> <span class='ocrx_word' id='word_1_214' title='bbox 623 3574 646 3622; x_wconf 84' lang='grc' dir='ltr'><strong>Δ</strong></span> <span class='ocrx_word' id='word_1_215' title='bbox 672 3571 750 3622; x_wconf 89' lang='lat' dir='ltr'><strong>mota</strong></span> <span class='ocrx_word' id='word_1_216' title='bbox 772 3589 793 3621; x_wconf 88' lang='grc' dir='ltr'><strong>ω</strong></span> <span class='ocrx_word' id='word_1_217' title='bbox 807 3572 818 3637; x_wconf 77' lang='lat'><strong>[1</strong></span> <span class='ocrx_word' id='word_1_218' title='bbox 833 3574 865 3621; x_wconf 92' lang='lat'><strong>10</strong></span> <span class='ocrx_word' id='word_1_219' title='bbox 888 3567 1056 3622; x_wconf 86' lang='lat' dir='ltr'><strong>fortissimas</strong></span> 
     </span>
     <span class='ocr_line' id='line_1_34' title="bbox 72 3628 1056 3710; baseline -0.001 -19"><span class='ocrx_word' id='word_1_220' title='bbox 72 3628 212 3710; x_wconf 63' lang='lat' dir='ltr'><strong>stuailll</strong></span> <span class='ocrx_word' id='word_1_221' title='bbox 226 3642 374 3694; x_wconf 86' lang='lat' dir='ltr'><strong>canturam</strong></span> <span class='ocrx_word' id='word_1_222' title='bbox 386 3645 409 3693; x_wconf 78' lang='grc' dir='ltr'><strong>Δ</strong></span> <span class='ocrx_word' id='word_1_223' title='bbox 423 3639 586 3695; x_wconf 88' lang='lat' dir='ltr'><strong>cautionum</strong></span> <span class='ocrx_word' id='word_1_224' title='bbox 596 3641 680 3695; x_wconf 66' lang='lat' dir='ltr'><strong>Neci.</strong></span> <span class='ocrx_word' id='word_1_225' title='bbox 695 3639 799 3693; x_wconf 90' lang='lat' dir='ltr'><strong>cautim</strong></span> <span class='ocrx_word' id='word_1_226' title='bbox 808 3640 879 3693; x_wconf 67' lang='lat' dir='ltr'><strong>ror.</strong></span> <span class='ocrx_word' id='word_1_227' title='bbox 889 3639 894 3710; x_wconf 80' lang='grc' dir='ltr'>Ι</span> <span class='ocrx_word' id='word_1_228' title='bbox 903 3639 953 3691; x_wconf 87' lang='lat' dir='ltr'><strong>fini</strong></span> <span class='ocrx_word' id='word_1_229' title='bbox 967 3639 1056 3709; x_wconf 79' lang='lat' dir='ltr'><strong>ames]</strong></span> 
     </span>
     <span class='ocr_line' id='line_1_35' title="bbox 72 3704 1056 3779; baseline -0.002 -16"><span class='ocrx_word' id='word_1_230' title='bbox 72 3704 338 3779; x_wconf 74' lang='lat' dir='ltr'><strong>ttsismecaqra</strong></span> <span class='ocrx_word' id='word_1_231' title='bbox 357 3713 386 3766; x_wconf 83' lang='lat' dir='ltr'><strong>et</strong></span> <span class='ocrx_word' id='word_1_232' title='bbox 404 3727 455 3767; x_wconf 77' lang='lat' dir='ltr'><strong>om.</strong></span> <span class='ocrx_word' id='word_1_233' title='bbox 473 3715 571 3779; x_wconf 75' lang='lat' dir='ltr'><strong>narn</strong></span> <span class='ocrx_word' id='word_1_234' title='bbox 586 3716 618 3764; x_wconf 84' lang='lat'><strong>16</strong></span> <span class='ocrx_word' id='word_1_235' title='bbox 636 3709 745 3766; x_wconf 64' lang='lat' dir='ltr'><strong>heom.</strong></span> <span class='ocrx_word' id='word_1_236' title='bbox 765 3716 814 3762; x_wconf 80' lang='lat' dir='ltr'><strong>av</strong></span> <span class='ocrx_word' id='word_1_237' title='bbox 832 3710 876 3763; x_wconf 78' lang='lat' dir='ltr'><strong>his</strong></span> <span class='ocrx_word' id='word_1_238' title='bbox 895 3709 937 3763; x_wconf 75' lang='lat' dir='ltr'><strong>ita</strong></span> <span class='ocrx_word' id='word_1_239' title='bbox 956 3715 1056 3777; x_wconf 61' lang='lat' dir='ltr'><strong>omn</strong></span> 
     </span>
     <span class='ocr_line' id='line_1_36' title="bbox 72 3776 1056 3853; baseline 0.002 -22"><span class='ocrx_word' id='word_1_240' title='bbox 72 3776 361 3853; x_wconf 69' lang='lat' dir='ltr'><strong>ltlpuBemrdakt‘tll</strong></span> <span class='ocrx_word' id='word_1_241' title='bbox 370 3787 402 3836; x_wconf 80' lang='lat'><strong>19</strong></span> <span class='ocrx_word' id='word_1_242' title='bbox 413 3782 747 3837; x_wconf 68' lang='grc' dir='ltr'>ΕΥΝΕΝΠΛΕΚΕΕΘὰΙΕ</span> <span class='ocrx_word' id='word_1_243' title='bbox 762 3783 869 3835; x_wconf 69' lang='lat' dir='ltr'><strong>ciulac</strong></span> <span class='ocrx_word' id='word_1_244' title='bbox 881 3782 1056 3835; x_wconf 67' lang='lat' dir='ltr'><strong>dnfixolcc</strong></span> 
     </span>
     <span class='ocr_line' id='line_1_37' title="bbox 72 3846 1057 3924; baseline 0.001 -21"><span class='ocrx_word' id='word_1_245' title='bbox 72 3846 155 3917; x_wconf 52' lang='lat' dir='ltr'><strong>&amp;scre</strong></span> <span class='ocrx_word' id='word_1_246' title='bbox 165 3858 213 3905; x_wconf 73' lang='grc' dir='ltr'><strong><em>Π</em></strong></span> <span class='ocrx_word' id='word_1_247' title='bbox 225 3851 322 3923; x_wconf 76' lang='grc' dir='ltr'><strong><em>φιλίας</em></strong></span> <span class='ocrx_word' id='word_1_248' title='bbox 334 3855 384 3909; x_wconf 70' lang='grc' dir='ltr'><strong>καὶ</strong></span> <span class='ocrx_word' id='word_1_249' title='bbox 397 3851 552 3924; x_wconf 77' lang='grc' dir='ltr'><strong><em>ἀπεχθείας</em></strong></span> <span class='ocrx_word' id='word_1_250' title='bbox 566 3869 582 3906; x_wconf 85' lang='lat' dir='ltr'><strong>o</strong></span> <span class='ocrx_word' id='word_1_251' title='bbox 595 3854 605 3923; x_wconf 70' lang='lat' dir='ltr'><strong>li</strong></span> <span class='ocrx_word' id='word_1_252' title='bbox 615 3858 650 3906; x_wconf 76' lang='lat'><strong>25</strong></span> <span class='ocrx_word' id='word_1_253' title='bbox 665 3853 718 3906; x_wconf 82' lang='lat' dir='ltr'><strong>ista</strong></span> <span class='ocrx_word' id='word_1_254' title='bbox 734 3852 843 3907; x_wconf 82' lang='lat' dir='ltr'><strong>Folater</strong></span> <span class='ocrx_word' id='word_1_255' title='bbox 854 3853 858 3921; x_wconf 71' lang='grc' dir='ltr'><strong><em>λ</em></strong></span> <span class='ocrx_word' id='word_1_256' title='bbox 870 3851 894 3904; x_wconf 87' lang='lat' dir='ltr'><strong>is</strong></span> <span class='ocrx_word' id='word_1_257' title='bbox 909 3850 1057 3905; x_wconf 85' lang='lat' dir='ltr'><strong>subtiliore</strong></span> 
     </span>
     <span class='ocr_line' id='line_1_38' title="bbox 72 3920 257 3997; baseline 0.005 -20"><span class='ocrx_word' id='word_1_258' title='bbox 72 3920 154 3994; x_wconf 61' lang='lat' dir='ltr'><strong>lde.)</strong></span> <span class='ocrx_word' id='word_1_259' title='bbox 177 3924 257 3997; x_wconf 75' lang='lat' dir='ltr'><strong>Vopel</strong></span> 
     </span>
    </p>

    <p class='ocr_par' dir='ltr' id='par_1_12' title="bbox 99 4018 899 4068">
     <span class='ocr_line' id='line_1_39' title="bbox 99 4018 899 4068; baseline -0.006 -3"><span class='ocrx_word' id='word_1_260' title='bbox 99 4021 205 4065; x_wconf 68' lang='lat' dir='ltr'><strong>flam·</strong></span> <span class='ocrx_word' id='word_1_261' title='bbox 216 4024 252 4066; x_wconf 75' lang='lat' dir='ltr'><strong>od.</strong></span> <span class='ocrx_word' id='word_1_262' title='bbox 266 4023 374 4065; x_wconf 76' lang='lat' dir='ltr'><strong>Hostus</strong></span> <span class='ocrx_word' id='word_1_263' title='bbox 882 4018 899 4068; x_wconf 68' lang='grc'>4</span> 
     </span>
    </p>
   </div>
   <div class='ocr_carea' id='block_1_10' title="bbox 0 0 1200 4298">
    <p class='ocr_par' dir='ltr' id='par_1_13' title="bbox 0 0 1200 4298">
     <span class='ocr_line' id='line_1_40' title="bbox 0 0 1200 4298; baseline 0 0"><span class='ocrx_word' id='word_1_264' title='bbox 0 0 1200 4298; x_wconf 95' lang='lat' dir='ltr'><strong> </strong></span> 
     </span>
    </p>
   </div>
  </div>
 </body>
</html>
