2392 4298
306 534 488 600 carrrvm
504 536 572 593 um
591 537 688 594 rvm.
707 538 772 594 arx
1004 543 1047 608 37

80 692 113 755 de
133 692 251 776 loquendi
276 697 487 783 proprietate,
519 722 629 784 quem,
662 723 736 767 cum
764 704 884 786 ederet,
914 725 1048 770 cornum

78 802 136 881 erse
156 778 248 868 topia
273 786 413 870 dicebat,
444 810 511 853 rem
541 791 670 873 scripsit
697 812 801 874 neque
829 793 917 857 dictu
943 815 1049 877 neque

77 869 163 934 ruditu
187 873 318 960 dignam,
351 897 424 941 cum
453 877 580 942 differre
609 879 813 944 ‘matronam'
841 885 873 945 et
900 881 1048 947 ‘matrem

75 958 191 1025 isnilirs'
209 965 403 1030 existimavit
424 966 604 1030 differentia
626 967 724 1053 longe
747 970 928 1034 vanissime.

126 1045 172 1113 VH
195 1051 290 1128 Quem
314 1055 350 1118 in
372 1055 505 1119 modum
526 1053 705 1120 Favorinus
728 1059 913 1122 tractaverit
935 1059 1049 1123 intem-

74 1137 195 1218 pestium
221 1143 379 1226 quendam
406 1143 445 1207 do
468 1142 640 1209 verborum
664 1144 931 1232 ambiguitatibus
955 1169 1049 1230 quae-

73 1230 175 1309 rentem
196 1236 290 1315 atque
313 1229 373 1315 ibi,
398 1235 479 1315 quot
501 1233 753 1317 significationes
777 1236 884 1319 capiat
906 1234 1048 1300 ‘contio'.

122 1311 180 1381 Vll]
187 1317 431 1403 Ὁμοιοτὲλευτα
445 1324 478 1385 et
491 1319 699 1404 ὁμοιόπτωτα
711 1326 808 1407 atquc
823 1324 886 1387 alia
895 1323 928 1387 id
938 1345 1051 1409 genus,

72 1421 133 1499 qaae
150 1413 323 1473 ornamenta
347 1409 501 1474 orationis
520 1413 684 1493 putantur,
706 1411 816 1495 inepta
835 1433 904 1476 esse
923 1416 956 1476 et
973 1434 1051 1495 pue-

72 1490 126 1554 niis
143 1492 230 1561 Lucili
253 1518 384 1580 quoque
407 1498 552 1562 versibus
576 1500 737 1563 declarari.

120 1577 155 1645 IX
177 1583 257 1662 Quid
285 1587 447 1673 significet
474 1588 560 1671 apud
588 1585 630 1652 M.
650 1586 805 1653 Catonem
828 1589 962 1652 verbum
991 1588 1051 1651 ‘in-

72 1671 191 1757 muda'3
204 1675 355 1759 quodque
369 1675 563 1741 ‘insecenda'
577 1676 686 1760 potius
699 1677 870 1762 legendum
887 1677 929 1739 sit
944 1697 1051 1759 quam,

72 1757 137 1837 quod
153 1763 284 1847 plerique
307 1765 507 1848 existimant,
531 1765 759 1848 ‘insequenda'.

120 1842 273 1918 anare
300 1854 395 1937 istos,
423 1855 479 1937 qui
505 1855 541 1918 in
568 1855 765 1938 exploranda
789 1853 873 1918 febri
896 1875 1049 1918 venarum

72 1936 157 2018 pulsus
173 1944 376 2027 pertemptari
399 1947 528 2026 putant,
551 1964 617 2008 non
641 1943 837 2007 arteriarum.

121 2025 157 2091 XI
182 2030 286 2097 Verba
319 2054 358 2097 ex
391 2031 586 2096 carminibus
614 2030 691 2096 Furi
719 2031 861 2096 Antiatis
889 2033 1004 2096 inscite
1031 2053 1050 2094 a

72 2110 190 2184 Caesellio
207 2121 343 2188 Vindice
363 2121 568 2206 reprehensa3
592 2141 766 2203 versusque
784 2122 856 2204 ipsi,
879 2121 914 2185 in
933 2120 1050 2203 quibus

72 2224 100 2266 ea
118 2207 191 2272 rerba
213 2217 301 2293 sunt,
325 2211 506 2295 subscripti.

121 2291 169 2359 XI]
197 2297 319 2365 Morem
351 2301 448 2364 istum
482 2299 644 2364 veteribus
676 2300 796 2363 nostris
825 2300 925 2362 fuisse
952 2297 1050 2362 verbs

72 2383 180 2462 petierdi
201 2395 323 2454 mutare
347 2411 384 2453 ac
406 2393 529 2453 vertere
553 2390 587 2452 in
610 2390 726 2473 agendi
748 2388 890 2451 modum.

122 2468 181 2538 ΧΠ]
210 2476 303 2554 Quali
331 2479 451 2542 talione
474 2476 638 2563 Diogenes
666 2476 880 2560 philosophus
908 2496 985 2539 usus
1008 2475 1051 2537 sit

72 2566 264 2713 &aptatus
297 2589 316 2630 a
348 2567 514 2630 dialectico
548 2566 686 2648 quodam
719 2565 931 2648 sophismatio
959 2565 1050 2645 inpu-

120 2736 181 2804 xlv
205 2745 289 2823 Quid
312 2747 355 2810 sit
371 2766 524 2810 numerus
543 2742 747 2824 ‘hemiolios',
771 2743 847 2824 quid
867 2737 1051 2822 ‘epitritos’3

72 2832 179 2911 &quod
199 2835 355 2900 voeabula
378 2835 438 2898 ista
461 2855 528 2897 non
550 2833 644 2896 facile
667 2831 770 2895 nostri
794 2830 864 2894 ausi
884 2832 959 2892 sunt
978 2848 1051 2890 con-

72 2923 166 2983 vertere
185 2925 215 2987 iu
238 2925 285 2988 lin
309 2945 384 2988 uem
407 2922 564 2986 Latinam.

118 3004 167 3071 XV
187 3011 279 3088 Quod
333 3009 461 3077 .Verro
485 3013 520 3075 in
541 3010 649 3075 herois
670 3009 815 3073 versibus
835 3005 1052 3072 observaverit

72 3112 117 3157 ren
136 3100 221 3165 nimis
244 3103 358 3166 anxiae
381 3106 414 3166 et
437 3102 580 3166 curiosae
605 3098 846 3163 observationis.

168 3316 427 3405 <capturim
453 3315 584 3389 LIBRI
611 3313 734 3387 NONI
760 3310 929 3385 DECIMI

113 3452 126 3518 I
145 3455 321 3542 Responsio
345 3458 509 3522 cuiusdam
529 3454 717 3540 philosophi
735 3450 934 3536 interrogati,
957 3469 1054 3531 quam

72 3540 94 3605 >b
112 3565 231 3611 causam
255 3547 353 3611 maris
376 3549 568 3629 tempestate
591 3544 750 3628 palluerit.

110 3631 137 3697 Π
169 3634 220 3699 Ex
252 3637 396 3719 quinque
428 3635 571 3719 corporis
602 3632 749 3698 sensibus
777 3631 857 3694 duos
885 3649 954 3692 esse
981 3647 1055 3689 cum

72 3721 142 3787 duis
163 3725 302 3788 maxime
326 3746 527 3808 communes,
553 3724 703 3806 quodque
726 3721 830 3803 turpis
854 3721 887 3781 et
908 3714 1056 3798 improba

72 3814 92 3875 tt
111 3813 268 3897 voluptas,
291 3833 373 3895 quae
392 3836 431 3877 ex
450 3814 571 3895 auditu,
594 3813 665 3876 visu
686 3809 885 3888 odoratuque
903 3803 1057 3888 procedit,

72 3920 218 3965 crevero
242 3923 282 3965 ex
305 3906 402 3987 gustu
425 3905 579 3985 tactuque
602 3904 664 3981 est,
691 3919 798 3962 rerum
823 3894 967 3958 omnium
991 3892 1056 3954 ioe-
