2144 4328
494 538 542 594 Is
986 552 1030 615 47

10 710 82 775 tet
100 724 186 769 eum
207 704 252 769 de
271 703 335 785 uia,
358 702 532 787 sicutipse
551 704 607 785 ait,
630 703 855 772 declinandum
874 716 932 791 est,
951 713 1030 794 quid

10 796 209 878 tquantum
234 796 272 857 et
294 793 330 857 in
350 792 439 874 quali
459 812 556 855 eausa
575 797 607 857 et
625 814 766 876 quonam
786 817 889 881 usque
908 798 939 861 id
959 800 1029 864 fieri

10 882 108 949 stat
158 880 310 947 Pericles
339 881 395 945 ille
417 880 642 963 Atheniensis,
669 884 720 947 vir
742 887 873 970 egregio
897 888 1068 972 ingenioa

10 972 148 1055 nique
182 970 341 1034 omnibus
368 970 548 1053 disciplinis
577 976 723 1053 ornatus,
750 974 782 1036 in
809 994 874 1037 una
897 977 1026 1056 quidem

10 1062 109 1147 pecie,
136 1065 194 1125 set
217 1060 350 1143 planius
373 1064 497 1141 tamen,
525 1059 603 1141 quid
627 1060 839 1143 existimaret,
862 1064 1026 1145 professus

10 1152 47 1219 ἡ
87 1147 182 1215 Nam
208 1168 285 1211 cum
309 1148 433 1211 amieos
457 1169 529 1212 eum
554 1153 692 1233 rogaret,
716 1155 755 1213 ut
777 1169 837 1233 pro
859 1173 895 1215 re
918 1172 1026 1215 eausa-

10 1256 55 1323 με
74 1238 146 1303 eins
171 1237 296 1300 falsum
321 1236 490 1318 deiurant,
513 1236 564 1300 his
587 1236 628 1300 ad
649 1259 722 1301 eum
742 1238 849 1301 verbis
867 1260 944 1302 usus
964 1246 1025 1303 est:

10 1330 67 1407 del
93 1322 168 1410 plu
198 1320 472 1411 oopufpdsssw
500 1336 583 1400 τοῖς
610 1330 760 1408 φίλοις,
792 1325 889 1389 ἀλλὰ
912 1326 1023 1410 μέχρι

10 1424 70 1487 βυ
90 1420 210 1479 θεῶν.
782 1438 792 1463 ·

10 1562 12 1567 .
59 1500 359 1586 Theophrastus
391 1504 499 1565 autem
532 1502 571 1565 in
602 1523 659 1584 eo,
692 1522 766 1584 quo
795 1501 889 1583 dixi,
920 1502 1066 1571 librosr

10 1582 182 1675 hquiaitius
205 1589 339 1673 quidem
364 1611 462 1673 super
483 1589 544 1654 hae
565 1591 636 1673 ipss
659 1612 693 1653 re
717 1594 750 1654 et
773 1590 917 1654 exactius
938 1611 1023 1673 pres-

10 1678 125 1763 Μαι
152 1700 254 1762 qnam
278 1675 414 1742 Cioero
442 1678 577 1743 disserit.
624 1676 681 1742 Set
705 1680 733 1742 is
757 1699 888 1761 quoque
910 1678 945 1740 in
969 1678 1067 1745 do-ss

10 1768 96 1835 'ndo
126 1788 196 1833 non
229 1767 269 1832 de
299 1787 497 1849 unoquoque
523 1766 610 1831 facto
638 1768 828 1851 singillatim
857 1766 1022 1830 existimat

10 1874 100 1941 nque
131 1857 230 1921 certis
263 1856 485 1938 exemplorum
519 1856 733 1939 documentis,
770 1860 819 1920 set
851 1854 1022 1941 generibus

10 1962 102 2009 mum
131 1945 321 2009 summatim
350 1944 589 2026 universimque
616 1946 720 2008 utitur
746 1944 788 2008 ad
813 1942 899 2007 hune
921 1943 1022 2007 ferme

10 2032 144 2098 modum:

68 2120 191 2186 ‘Parva'
221 2122 330 2203 inquit
353 2120 397 2184 ‘et
420 2122 526 2184 tenuis
548 2122 599 2184 vel
622 2122 790 2204 turpitudo
814 2121 866 2184 vel
889 2121 1065 2186 inluminas

14 2208 162 2275 subeunda
196 2214 261 2291 est,
293 2211 320 2273 si
354 2231 391 2272 ea
418 2232 453 2273 re
481 2231 598 2295 magua
625 2210 749 2273 utilitas
777 2210 882 2273 amico
911 2211 1021 2290 quaeri

15 2304 113 2379 potest
159 2297 363 2383 Rependitur
389 2299 510 2381 quippe
538 2304 570 2361 et
593 2302 820 2381 compensatur
841 2297 911 2361 leve
935 2297 1020 2359 darn-

16 2404 80 2449 uum
110 2388 270 2452 delibatae
302 2387 480 2450 honestatis
510 2387 630 2451 maiore
658 2388 721 2449 alia
750 2387 959 2471 gravioreque
988 2387 1021 2448 in

21 2474 179 2540 sdiurando
211 2478 317 2539 amieo
349 2475 531 2554 honestate,
564 2476 761 2557 minimaque
789 2477 845 2538 ille
872 2474 961 2537 labes
990 2480 1022 2537 et

24 2566 93 2643 quui
118 2566 235 2629 lacuna
259 2564 365 2628 famae
388 2565 596 2628 munimentis
620 2569 783 2647 partarum
807 2564 912 2626 amico
936 2563 1020 2625 utili-

25 2651 114 2716 tuum
150 2653 315 2718 solidatur.
370 2650 485 2734 Neque
517 2652 714 2716 nominibus'
748 2653 854 2733 inquit
887 2652 1065 2717 'moverim

28 2756 70 2803 nos
86 2748 220 2825 oportet,
243 2742 331 2824 quod
354 2742 443 2824 paria
467 2763 582 2825 genere
601 2743 671 2824 ipso
691 2763 756 2804 uon
776 2744 852 2803 suut
869 2740 1021 2803 honestas

10 2840 94 2911 prusae
123 2832 227 2894 famae
259 2836 292 2894 et
325 2831 371 2893 rei
404 2831 500 2893 amici
531 2831 663 2894 utilitas.
714 2828 915 2893 Ponderibus
943 2826 1022 2889 haec

10 2917 89 3005 sshtu'n
119 2918 397 3002 potestatibusque
430 2918 665 3001 praesentibus,
696 2939 763 2981 non
790 2916 1019 2979 vocabulorum

36 3008 273 3085 epulationibus
291 3027 396 3088 neque
415 3006 626 3092 dignitatibus
646 3027 800 3090 generum
820 3004 1021 3068 diiudicanda

39 3100 92 3157 rut
131 3094 214 3160 Nam
243 3118 315 3159 eum
344 3097 379 3159 in
406 3096 501 3159 rebus
526 3102 582 3158 aut
601 3094 733 3178 paribus
756 3098 813 3157 aut
836 3115 901 3156 non
924 3095 1065 3177 longe-25

38 3210 174 3229 κ.--
186 3224 209 3229 ..-

62 3357 67 3365 ¹
86 3298 160 3363 tsqq.
179 3295 252 3349 Plut.
271 3293 406 3364 apophth.
421 3295 519 3350 Pericl.
536 3301 551 3347 3
572 3296 608 3349 de
626 3295 718 3348 vitios.
737 3296 803 3363 pud.
820 3300 835 3347 6
855 3310 947 3362 praee.
963 3310 1019 3361 ger.

22 3378 25 3383 '
43 3370 69 3409 Μ
79 3378 99 3429 p.
112 3372 140 3419 lt
157 3366 283 3435 Apostol.
298 3365 337 3418 XI
351 3372 399 3419 31·
417 3365 543 3421 L.-Schn.

53 3466 212 3485 Ἢ...-

91 3554 146 3603 tu.
169 3552 293 3677 egregio)
316 3558 339 3606 Δ
362 3553 492 3622 egregius
516 3553 558 3605 vir
582 3556 655 3621 ωΙΙῖ
680 3551 803 3605 deiraret
826 3552 902 3617 ΔΙΙ8
927 3552 1023 3623 pse}

47 3616 119 3672 ”sor
127 3630 171 3676 out
178 3624 259 3677 θύων
289 3625 383 3683 ἠ’Πετῑ
395 3629 427 3677 10
438 3624 514 3691 quod
524 3630 546 3676 V
558 3640 640 3691 quem
651 3624 678 3685 s!
693 3629 721 3675 11
737 3621 951 3690 expressiusque
961 3619 1005 3671 ol:
1015 3622 1023 3659 1¹

49 3686 334 3748 sesquiannus
347 3694 473 3760 NEQVE
489 3693 615 3749 CER-TIS
624 3691 801 3748 DOCVMEN
804 3689 932 3743 'l'OltVM
943 3689 1013 3740 1th
1017 3729 1022 3738 .

48 3754 63 3803 ²
85 3764 109 3811 ls
127 3780 173 3817 rus
194 3766 286 3819 eunda
307 3771 382 3819 ΡΠ
396 3770 406 3836 Ι
420 3772 454 3820 20
478 3766 604 3821 delinats
622 3770 642 3817 1³
665 3763 825 3818 declinatae
848 3763 932 3832 §1121
960 3756 1022 3825 illa]

114 3837 197 3904 butt
209 3854 300 3907 neque
313 3838 343 3892 in
358 3838 488 3892 omnibus
499 3842 548 3895 PB
561 3842 571 3903 Γ
585 3843 619 3890 24
634 3835 730 3905 generi
740 3839 789 3886 en
826 3832 944 3886 honesta
956 3832 1006 3878 RV

49 3896 225 3971 ”iussorum
245 3914 319 3961 ΠΒ
332 3912 342 3979 1!
357 3915 391 3963 28
410 3914 460 3963 sut
478 3911 525 3965 ull.
542 3927 592 3964 our.
608 3914 630 3960 Δ
