2392 4298
143 150 186 211 {lo
618 147 631 201 I
650 153 683 202 26

140 315 227 386 σίας
255 310 505 394 pulcherrimum
535 312 774 395 conscripsiss03
804 309 854 374 his
884 310 1054 392 omnibus,
1083 332 1162 393 quae

140 402 174 463 in
202 421 240 463 eo
267 399 351 463 libro
380 401 500 483 scripta
527 401 605 482 sint,
632 420 834 482 nequaquam
858 400 1049 480 convenire,
1077 400 1162 482 quod

140 489 331 572 provolutus
354 490 538 571 effususque
562 490 595 551 in
618 490 698 553 iram
722 489 870 571 plurimis
893 510 929 551 se
951 489 1063 573 plagis
1081 489 1161 551 mul-

113 582 231 641 8taret.
268 575 351 640 Tum
366 573 598 641 Plutarchus
616 578 703 641 lente
721 582 753 641 et
771 578 897 641 leniter:
919 576 1011 659 ‘quid
1031 574 1161 659 autenn’

140 667 247 748 inquil
265 666 420 748 ‘verberq
437 687 524 729 nune
543 687 603 749 ego
622 665 682 730 tibi
702 667 796 730 irasci
813 665 946 729 videor?
964 686 1007 729 ex
1027 666 1162 730 vultune

141 776 212 818 meo
231 776 273 817 an
292 777 330 818 ex
349 774 428 818 voee
446 777 488 818 an
506 777 545 818 ex
564 755 672 818 oolore
689 776 730 817 an
745 756 895 818 etiamen
909 753 1019 818 verbis
1035 774 1161 838 correp

139 847 209 906 ium
233 864 302 906 esse
324 865 376 907 me
399 845 447 906 ira
468 843 651 929 intellegis?
679 842 760 906 mihi
783 843 909 925 quidem
934 863 1044 925 neque
1067 843 1160 923 oculi,

140 934 265 1015 opinor,
283 937 388 996 truces
408 938 484 996 sunt
501 953 605 1015 neque
624 953 660 996 os
673 932 848 1013 turbidum,
866 952 971 1014 neque
984 932 1161 996 inmaniter

139 1022 243 1083 clamo
270 1041 375 1103 neque
403 1022 436 1084 in
464 1043 611 1104 spumam
639 1021 830 1085 ruboremvs
856 1020 1034 1084 effervesco
1056 1040 1160 1123 neqna

139 1109 287 1261 pudenda
311 1110 382 1172 dico
407 1132 447 1172 au
449 1110 672 1192 tpoenitenda
690 1130 805 1211 nsque
812 1109 944 1172 omnino
962 1109 1175 1210 trepidem

112 1203 171 1261 ael
200 1199 312 1283 gestio.
362 1196 452 1262 Haeo
479 1199 564 1262 enim
593 1199 714 1281 omnia,
742 1198 770 1261 si
796 1198 940 1299 ignqras,
967 1197 1066 1282 signa
1090 1218 1161 1263 esso

139 1287 259 1349 irarum
283 1287 408 1349 solenh’
454 1285 498 1350 Et
522 1287 619 1350 simul
642 1286 682 1349 ad
705 1308 792 1368 sum,
815 1287 871 1369 qui
894 1285 1065 1368 caedebat,
1087 1306 1160 1350 oon·
1181 1292 1184 1297 '

139 1397 261 1438 versus:
282 1375 443 1457 interim,'
463 1376 570 1459 inquit
589 1375 677 1438 ‘dnm
692 1395 753 1460 ego
767 1379 863 1457 atque
877 1374 931 1438 hie
945 1335 1161 1458 dispuiamus,

138 1467 174 1526 tu
198 1463 261 1526 hoe
284 1464 375 1547 age’.'

93 1565 128 1615 10
206 1549 338 1614 Summa
366 1556 472 1616 autem
500 1552 601 1616 totius
629 1552 806 1616 sententiae
830 1549 945 1615 Tauri
972 1550 1058 1615 haee
1084 1544 1178 1616 fuiir'

137 1638 170 1703 N
172 1660 214 1703 on
247 1639 330 1703 idem
359 1661 428 1704 esse
455 1641 652 1704 existimarit
679 1640 863 1725 ἀοργησίαν
889 1643 922 1704 sl
949 1637 1160 1723 ἀναλγησίαν

138 1728 289 1810 aliudque
323 1750 392 1792 esse
424 1750 490 1792 non
521 1729 711 1793 iracundum
743 1729 900 1811 animum,
935 1727 1028 1792 aliud
1060 1726 1161 1795 ἀνάλ·

138 1839 241 1899 γητον
273 1822 305 1880 et
337 1816 556 1900 ἀναίσθητον,
589 1817 621 1881 id
648 1821 698 1882 est
726 1816 875 1881 hebetem
902 1820 934 1881 et
962 1821 1176 1901 stupsnism'

94 1903 223 1969 11Nam
255 1905 339 1969 siout
366 1906 502 1969 aliorum
531 1906 691 1988 omnium,
723 1926 804 1988 quos
831 1904 939 1969 Latini
966 1903 1160 1991 philosophi

139 1993 295 2057 ‘affectus'
324 1995 376 2057 vel
404 1995 624 2078 affectiones,
651 1992 764 2059 Graeci
786 1993 880 2076 πάθη
903 1992 1089 2079 appellant,
1115 1996 1162 2061 ih

137 2081 233 2145 huius
262 2103 390 2165 quoque
418 2086 525 2147 molus
554 2084 666 2166 animi,
699 2084 769 2166 qui,
801 2103 874 2147 enm
902 2085 951 2146 est
978 2082 1174 2155 uleisoenrli

138 2190 233 2233 eausa
251 2172 384 2253 saevior,
403 2172 473 2235 ‘ira'
493 2173 618 2253 dicitur,
636 2193 703 2236 non
720 2172 934 2256 privationem
952 2192 1024 2235 esse
1043 2172 1160 2239 utilem

137 2261 276 2341 consuit,
305 2280 401 2342 quam
430 2257 542 2324 Graeci
570 2259 725 2344 στέρησιν
752 2260 877 2342 dicunt,
903 2257 960 2324 sed
988 2260 1161 2327 mediocri-

136 2353 250 2432 tatem,
273 2369 370 2481 quam
393 2351 587 2432 propiorque
610 2348 658 2413 illi
681 2349 853 2432 appellant.

208 2544 242 2592 20
265 2539 385 2604 ΧΙΧ12
401 2539 530 2605 soant.
511 2539 623 2603 tm
639 2544 667 2607 83
683 2539 780 2593 sonu
821 2542 855 2593 st
870 2556 922 2593 erv
932 2537 1178 2601 dulxslshea.

135 2610 184 2662 lat.
196 2610 262 2662 min.
273 2616 334 2675 aaa,
345 2616 463 2678 aquea,
473 2616 519 2673 ao;
531 2616 591 2676 son,
603 2582 679 2663 soli.
691 2608 759 2665 cau
806 2616 865 2677 sn
875 2614 910 2663 40
1000 2614 1035 2663 aa
1047 2628 1092 2682 sq
1103 2610 1158 2667 cia

135 2684 194 2748 top
208 2679 295 2733 ms
402 2686 436 2734 23
447 2699 486 2750 sq
506 2680 688 2747 CGLIIarq
704 2687 735 2734 21

208 2862 223 2909 2
247 2860 313 2911 sunt
335 2860 425 2926 21114
449 2873 502 2927 age
525 2857 580 2910 huo
602 2874 691 2925 usque
714 2864 734 2910 Ρ
756 2859 806 2925 cfr.
823 2858 883 2923 18,
902 2860 993 2927 6l22
1016 2860 1117 2915 senior
1135 2864 1160 2914 Ι

135 2925 264 2981 scaeuior
277 2944 294 2986 ς
