2392 4298
72 39 874 184 5—-

417 307 597 362 csrrrvm
616 309 681 364 ms.
702 312 712 363 1
1059 319 1076 379 γ

72 402 78 577 l
148 469 181 534 Vl
199 471 295 538 l'erbs
312 495 352 537 ex
372 473 517 538 oratioue
537 471 660 536 Metelli
677 472 852 559 Numidici,
872 499 969 561 quem
989 480 1072 545 dixit

72 582 75 655 ᾗ
97 557 241 625 hoensnrs
262 562 303 626 ad
326 561 493 646 populum,
518 583 591 626 cum
616 583 689 627 eum
712 564 752 627 ad
773 586 889 630 uxores
908 566 1071 633 ducendas

92 646 282 735 rdlorteretur3
305 672 407 735 esque
428 651 531 715 oretio
552 671 648 734 quam
668 650 709 717 ob
728 673 857 718 causam
876 657 1072 739 reprehensa

89 741 177 822 eiquo
198 744 307 805 contra
330 740 427 805 modo
451 739 583 803 defensa
605 740 657 805 sit.

133 826 183 893 Vll
207 827 243 894 Iu
271 829 361 894 hisce
388 829 495 894 verbis
522 826 685 894 Ciceronis
713 851 753 894 ex
781 833 928 896 oratione
956 835 1071 917 quinta

84 914 239 983 inVerrem
269 920 364 984 ‘hauc
391 919 454 983 sibi
481 940 549 982 rem
572 918 731 1001 praesidio
756 925 886 1003 sperent
909 922 1069 987 futurum'

80 1025 153 1090 nsque
174 1008 324 1074 mendum
346 1028 416 1072 esse
437 1028 541 1091 neque
559 1007 685 1088 vitium,
708 1028 878 1092 errareque
897 1010 987 1093 istos,
1013 1013 1068 1096 qui

80 1093 152 1160 loros
178 1097 277 1162 libros
305 1097 429 1161 violant
455 1100 490 1160 et
518 1096 683 1160 ‘futuram’
713 1095 872 1181 scribunt3
901 1102 1000 1182 atque
1024 1101 1070 1163 ibi

77 1181 253 1269 lequodam
280 1185 345 1250 elio
370 1183 532 1250 Ciceronis
560 1185 658 1249 verbo
687 1184 823 1268 dictum,
852 1186 939 1270 quod
967 1189 1071 1271 probe

77 1275 201 1357 seriptum
243 1297 411 1358 perperam
454 1277 611 1357 mutatum
652 1277 685 1336 et
724 1295 852 1357 aspersa
889 1296 991 1358 pauca
1030 1277 1068 1340 de

74 1362 184 1428 nodulis
211 1363 419 1448 numerisque
444 1363 614 1445 orationis,
642 1382 723 1447 quos
748 1360 860 1428 Cicero
884 1363 977 1428 eride
1001 1387 1067 1428 sec-

120 1538 190 1606 ΠΗ
215 1539 363 1607 Historia
385 1540 534 1606 inlibris
557 1537 702 1604 Sotionis
725 1538 914 1624 philosophi
936 1546 1065 1624 reperte

74 1646 144 1711 uper
163 1630 261 1696 hside
285 1630 451 1695 meretrice
474 1632 507 1693 et
530 1628 747 1694 Demosthene
769 1629 907 1694 rhetore.

119 1716 159 1783 lx
180 1718 260 1796 Quis
282 1718 397 1784 modus
415 1718 522 1800 fuerit,
545 1718 618 1801 quis
637 1718 716 1782 ordo
736 1717 925 1802 discipliuae
943 1717 1065 1800 Pytha-

74 1806 180 1889 goricae,
206 1812 426 1893 quantumque
451 1807 605 1890 temporis
629 1808 822 1891 imperatum
846 1806 1066 1871 observatum·

75 1897 175 1976 querit
197 1896 342 1962 ducendi
365 1895 463 1961 simul
486 1916 524 1960 ec
547 1896 682 1960 tacendi.

121 1984 145 2049 X
170 1985 293 2062 Quibus
319 1985 426 2050 verbis
455 1984 695 2068 compellaverit
719 1983 897 2049 Favorinus
922 1985 1065 2069 philoso-

74 2071 134 2151 phus
161 2076 403 2140 adulescentem
435 2094 524 2139 casce
555 2074 652 2138 nimis
682 2078 715 2136 et
742 2074 846 2157 prisce
873 2073 1067 2157 loquentem.

120 2162 160 2228 Xl
173 2164 471 2248 QuodThucydides
486 2163 623 2246 scriptor
637 2164 778 2227 inclutus
788 2162 1060 2228 Lacedaemonios

74 2246 169 2317 inscie
190 2275 257 2318 uon
280 2253 371 2336 tuba,
398 2253 455 2318 sed
478 2251 568 2316 tibiis
591 2274 659 2316 esse
682 2273 758 2315 usos
783 2251 875 2333 dicit,
901 2253 1061 2337 verbaque

73 2338 122 2403 cius
139 2365 230 2426 super
253 2365 291 2406 ea
313 2365 347 2406 re
370 2343 488 2425 posita3
515 2341 664 2425 quodque
687 2340 872 2405 Herodotus
896 2339 1061 2424 Alyattem

72 2446 155 2513 regem
188 2433 334 2496 fidicines
366 2433 401 2495 in
432 2432 600 2515 procinctu
632 2429 783 2494 habuisse
817 2429 928 2513 tredit3
965 2436 1062 2514 atque

72 2513 133 2581 inibi
160 2520 315 2604 quaedam
346 2525 459 2585 notsts
485 2519 523 2583 de
553 2517 687 2583 Gracchi
716 2519 824 2582 fistula
853 2520 1061 2584 contionaria.

120 2605 175 2672 Xll
200 2607 303 2694 Virgo
327 2606 445 2673 Vestes
469 2608 547 2692 quid
569 2610 683 2672 aetatis
708 2612 740 2671 et
763 2630 802 2671 ex
827 2609 914 2692 quali
938 2608 1062 2673 familia

72 2697 169 2779 tique
194 2701 261 2762 ritu
289 2699 469 2783 quibusque
497 2697 700 2762 caerimoniis
729 2701 761 2760 et
788 2697 1000 2782 religionibus
1024 2720 1061 2761 ac

72 2800 119 2861 quo
137 2788 261 2851 nomine
283 2810 302 2850 a
321 2787 471 2871 pontifice
490 2788 631 2850 maximo
650 2786 797 2868 capiatur
815 2791 848 2849 et
866 2809 930 2870 quo
951 2787 1060 2850 statim

73 2867 122 2935 iure
144 2897 208 2940 esse
231 2877 366 2959 incipiat
388 2876 484 2939 simul
507 2880 604 2958 atque
627 2880 721 2957 capta
744 2879 806 2958 est3
835 2876 997 2958 quodque,
1025 2880 1062 2937 ut

73 2953 153 3061 hbeo
174 2964 260 3046 dicit,
282 2987 342 3029 nec
365 2966 517 3028 intestato
541 2966 691 3048 cuiquam
715 2984 774 3028 nec
797 2964 865 3028 eius
890 2964 1060 3027 intestatae

72 3054 545 3232 luuqnufimerapsiltrppeseppet.in
563 3141 778 3225 philosophia,
802 3141 956 3224 quidnam
976 3141 1060 3204 foret

72 3244 98 3286 ¹¹¹
116 3238 231 3315 recepto
258 3232 409 3297 mandato
432 3233 565 3311 rectius,
594 3230 667 3294 idne
690 3231 822 3295 omnino
845 3230 949 3293 facere
974 3230 1060 3311 quod

72 3319 227 3385 mundatum
255 3326 318 3403 est,
350 3344 391 3384 an
419 3341 662 3404 nonnumquam
690 3320 788 3383 eliam
816 3322 941 3399 contra,
971 3319 999 3381 si
1027 3317 1061 3380 id

72 3421 151 3484 tprres
168 3411 206 3491 ei,
229 3411 286 3494 qui
305 3410 480 3492 mandavit,
498 3411 610 3473 utilius
629 3410 711 3489 fore3
734 3429 893 3491 superque
912 3429 949 3469 ea
966 3428 1060 3489 quae-

72 3492 148 3561 stione
168 3501 332 3584 expositae
356 3500 500 3564 diversam
523 3499 708 3562 sententiae.

112 3584 182 3652 xlv
214 3588 299 3666 Quid
328 3589 446 3653 dixerit
474 3588 648 3671 feceritque
677 3585 710 3650 C.
734 3585 913 3666 Fabricius,
941 3605 1059 3669 magna

72 3671 103 3734 fir
113 3675 210 3762 gloria
222 3679 415 3763 magnisque
428 3676 529 3766 rebus·
539 3677 648 3762 gestis,
667 3675 722 3740 sed
736 3673 877 3738 familiae
891 3674 1059 3757 pecuniae-

569 3964 616 3993 m
