2392 4298
393 529 575 589 csrmvna
594 534 661 591 ΠΒ.
680 534 719 589 XI
1013 539 1067 605 ,25

229 731 461 807 emirum
491 734 622 810 meru
654 735 894 811 vunuoimr
936 706 939 710 ’

147 864 160 931 l
173 867 211 935 De
224 873 344 959 origine
362 874 513 939 vocabuli
528 880 632 941 terrae
645 875 770 960 Italiae3
790 878 894 960 deque
908 901 944 943 ea
958 882 1070 965 multa,

97 976 156 1038 quse
172 958 324 1044 ‘suprema’
348 964 540 1047 appellatur,
563 966 667 1048 deque
690 967 758 1030 eius
781 967 924 1031 nominis
944 971 1068 1035 ratione

95 1064 122 1105 rc
138 1045 240 1136 delego
261 1050 411 1134 Aternis3
436 1057 468 1117 et
492 1053 609 1137 quibus
634 1055 739 1119 verbis
762 1057 942 1139 antiquitus
966 1061 1068 1123 multa

96 1131 206 1201 ‘ninius’
228 1140 289 1203 dici
312 1140 410 1204 solita
433 1143 483 1205 sit.

111 1309 115 1320 Ι
139 1221 160 1286 ll
180 1225 264 1302 Quod
286 1227 472 1314 ‘elegantis’
494 1232 580 1315 apud
602 1232 800 1315 antiquiores
818 1253 884 1297 non
905 1234 944 1299 de
962 1257 1067 1300 amoe-

93 1326 155 1375 more
170 1315 299 1401 ingenio,
322 1318 378 1381 sed
402 1319 442 1382 de
464 1320 614 1384 nitidiore
638 1322 728 1384 cultu
752 1325 849 1405 atque
872 1323 960 1386 rictu
985 1325 1067 1388 dice·

93 1394 163 1480 bitur,
178 1426 270 1488 eaque
294 1408 328 1470 in
351 1407 431 1471 vitio
455 1408 642 1491 ponebatur.

136 1486 169 1554 lll
192 1492 300 1569 Qualis
329 1500 512 1579 quantaque
541 1499 583 1561 sit
606 1497 690 1582 ‘pro’
714 1498 892 1582 particulae
914 1501 1066 1583 varietas3

91 1570 161 1658 leqm
176 1584 324 1668 exemplis
349 1585 418 1648 eius
441 1587 613 1650 varietatis.

135 1662 168 1728 ll
195 1668 293 1746 Quem
328 1673 362 1736 in
395 1673 527 1739 modum
562 1673 597 1750 Q.
616 1672 741 1739 Ennius
774 1696 885 1739 versus
916 1673 1064 1760 Euripidi

89 1756 223 1824 aemulatus
245 1761 297 1824 sit.

113 1838 214 1938 ,vno
230 1846 398 1933 Pyrroniis
420 1849 624 1935 philosophis
645 1852 801 1935 quaedam
821 1852 924 1936 deque
943 1851 1063 1918 Acade-

87 1931 154 1993 nrcis
169 1938 294 2002 strictim
318 1943 443 2018 notata;
467 1940 569 2021 deque
593 1940 754 2005 intereos
779 1940 966 2006 differentia.

135 2016 168 2084 ll
186 2024 274 2100 Quod
299 2027 449 2090 mulieres
473 2025 595 2091 Romae
619 2050 676 2111 per
694 2027 867 2093 Herculem
891 2051 958 2095 non
980 2032 1061 2094 iura-

87 2109 162 2170 verint
177 2135 271 2198 nequo
297 2116 356 2179 viri
381 2137 439 2199 per
462 2113 635 2180 Castorem.

112 2193 177 2292 ‚Vll
201 2201 316 2267 Verbis
345 2205 577 2288 antiquissimis
600 2206 785 2288 relictisque
808 2207 871 2269 iam
896 2211 929 2269 et
951 2207 1060 2270 desitis

85 2286 181 2350 minine
199 2292 360 2356 utendum.
847 2292 890 2379 Β*

132 2369 188 2440 llll
218 2380 302 2456 Qnid
330 2383 464 2445 senserit
492 2383 673 2466 dixeritque
696 2380 738 2446 M.
758 2379 838 2444 Cato
868 2382 906 2446 de
929 2379 1060 2465 Albino,

82 2461 124 2555 qui
139 2459 215 2531 homo
232 2467 399 2533 Romanus
419 2469 540 2534 Graeca
559 2472 703 2535 oratione
721 2492 772 2533 res
787 2468 949 2535 Romanas
968 2474 1060 2536 venia

81 2546 201 2620 sitiente
222 2560 291 2622 eins
315 2559 495 2643 imperitiae
518 2561 619 2643 petita
643 2560 834 2643 composuit.

132 2635 165 2702 ll
190 2643 331 2710 Historia
361 2648 399 2710 de
426 2648 542 2731 legatis
566 2646 669 2712 Mileti
693 2667 731 2711 ae
749 2646 967 2713 Demosthene
990 2648 1059 2712 rhe-

78 2732 132 2787 tore
150 2731 173 2792 in
191 2734 279 2799 libris
304 2734 436 2799 Critolai
460 2740 594 2820 reperta.

128 2812 151 2878 X
179 2820 265 2897 Quod
299 2822 331 2886 C.
360 2822 523 2887 Gracchus
556 2826 588 2888 in
623 2825 768 2887 oratione
801 2847 858 2887 sua
890 2823 1057 2889 historiam

77 2913 316 2995 suprascriptam
340 2911 476 2976 Demadi
501 2911 636 2993 rhetori,
663 2934 729 2976 non
752 2910 978 2995 Demostheni,
1006 2915 1058 2978 od-

75 2991 172 3078 trituit;
192 3001 350 3082 verbaque
374 3002 474 3084 ipsius
499 2999 531 3064 C.
552 2999 689 3065 Gracchi
712 3002 821 3064 relata.

125 3079 160 3146 Xl
183 3085 287 3151 Verba
306 3088 341 3152 P.
359 3086 493 3174 Nigidii,
517 3090 634 3175 quihus
659 3089 786 3153 differre
809 3091 886 3154 dicit
905 3090 1058 3155 ‘mentiri'

72 3169 308 3240 et‘mendaeium
334 3177 458 3243 dicere'.

120 3255 170 3324 ΧΗ
203 3263 296 3340 Quod
325 3263 523 3350 Chrysippus
556 3266 770 3351 philosophus
802 3289 896 3331 omne
923 3269 1056 3332 verbum

72 3344 223 3435 rnbiguum
240 3354 439 3438 dubiumque
453 3377 521 3419 esse
536 3356 623 3436 dicit,
638 3354 800 3419 Diodorus
811 3360 921 3420 contra
930 3357 1056 3420 nullum

72 3435 171 3504 retum
194 3444 380 3530 ambiguum
406 3465 475 3508 esse
498 3449 599 3527 putat.

115 3525 181 3594 llll
204 3531 286 3608 Quid
306 3532 399 3596 Titus
418 3531 592 3596 Castricius
616 3531 655 3596 de
678 3533 784 3597 verbis
808 3534 910 3615 deque
932 3537 1056 3595 senten-

72 3612 94 3677 1'2
117 3621 243 3701 quadam
270 3620 303 3685 C.
323 3619 460 3685 Gracchi
485 3622 692 3704 existimarit,
720 3622 871 3704 quodque
894 3641 962 3684 esse
985 3642 1055 3683 eam

72 3703 113 3769 ine
132 3709 195 3773 ullo
219 3732 330 3774 sensus
354 3712 572 3774 emolumento
598 3710 751 3774 docuerit.

107 3794 181 3861 XIV
203 3797 318 3863 Sobria
342 3804 375 3863 et
398 3798 615 3884 pulcherrima
634 3797 765 3863 Romuli
786 3799 871 3882 regis
889 3797 1056 3880 responsio

72 3906 118 3950 rca
139 3888 203 3951 riui
225 3909 329 3952 usum.
