2144 4328
413 568 429 624 l
447 575 483 624 ιι
916 578 960 644 33

30 732 217 799 dixeris
249 733 291 796 te
320 731 445 797 nobis
478 733 601 799 etiam
633 737 958 820 superfuturum,

13 846 52 888 m
89 822 137 886 id
172 820 330 904 quidem
363 820 454 885 fieri
485 842 561 886 non
592 828 735 909 potest;
767 849 812 892 ne
842 828 958 913 desis,

10 934 43 976 es
68 915 114 976 te
141 930 339 995 rogamus.

10 999 170 1084 xquisite
194 998 297 1084 igitur
319 1002 353 1063 et
375 1003 540 1082 comperte
561 996 685 1065 Iulius
706 999 849 1067 Paulus
872 1004 955 1069 dice·
985 1024 1001 1071 o

10 1090 121 1154 homo
148 1088 187 1152 in
210 1091 321 1152 nostra
343 1087 500 1151 memoria
523 1088 741 1172 doctissimus,
765 1090 954 1174 ‘superesse'

13 1177 172 1261 simplici
205 1177 331 1241 ratione
363 1175 428 1240 dici
460 1179 526 1239 tam
553 1176 668 1241 Latine
697 1198 794 1260 quam
823 1176 955 1244 Graece:

10 1288 62 1332 :os
98 1265 192 1330 enim
225 1265 386 1348 περισσὸν
418 1264 452 1327 in
479 1269 648 1347 utramque
675 1269 799 1348 partem
827 1289 956 1350 ponere,

10 1356 103 1439 quod
142 1373 417 1437 supervacaneum
450 1358 534 1419 esset
564 1372 603 1417 ac
634 1374 700 1417 non
731 1356 956 1439 necessarium,

10 1444 93 1531 ruod
119 1441 292 1507 abundans
315 1442 411 1506 nimis
434 1445 467 1505 et
488 1442 611 1506 afluens
634 1445 667 1505 et
690 1442 881 1527 exuberans,
909 1444 955 1508 sic
966 1460 1000 1507 10

10 1554 55 1596 os
89 1552 227 1615 quoque
258 1534 381 1595 veteres
414 1530 601 1613 ‘superesse’
635 1529 714 1594 alias
747 1530 865 1595 dixisse
894 1554 954 1615 pro

10 1620 143 1684 rfluenti
167 1624 202 1683 et
222 1618 334 1682 vacivo
357 1639 461 1701 neque
483 1618 656 1682 admodum
679 1619 873 1701 necessario,
900 1620 954 1702 ita,

10 1731 90 1793 upra
119 1707 306 1791 posuimus,
335 1705 544 1771 Varronem
573 1707 692 1789 dicere,
723 1707 803 1771 alias
830 1708 891 1789 ita,
917 1713 954 1772 ut

10 1819 61 1862 :ro
86 1796 189 1878 dixit,
212 1816 272 1878 pro
294 1816 343 1878 eo,
365 1795 452 1878 quod
475 1797 568 1879 copia
592 1796 721 1879 quidem
744 1801 777 1860 et
799 1796 954 1860 facultate

10 1888 40 1951 is
67 1886 226 1966 anteiret,
253 1884 500 1967 supermodum
524 1888 633 1949 tamen
657 1888 690 1948 et
711 1884 833 1969 largius
856 1884 953 1967 proli-

10 1996 64 2058 que
83 1974 214 2055 flueret,
233 1994 328 2056 quam
348 1976 431 2037 esset
446 1974 532 2037 satis.
570 1971 633 2048 Qui
647 1973 726 2037 dicit
740 1994 817 2057 ergo
833 1972 951 2056 ‘super-
963 1990 993 2035 ιι

24 2066 70 2128 se'
101 2063 148 2143 ei,
177 2083 274 2144 quem
300 2061 455 2142 defendit,
481 2062 564 2125 nihil
587 2062 722 2125 istorum
746 2062 816 2126 vult
839 2061 952 2143 dicere,

15 2153 129 2216 nescio
163 2150 243 2232 quid
270 2150 356 2213 aliud
384 2150 539 2214 indictum
568 2150 782 2233 inscitumque
810 2150 888 2214 dicit
915 2168 995 2214 acle

10 2239 170 2325 icrgilii
204 2239 332 2321 quidem
365 2240 484 2321 poterit
515 2239 706 2302 auctoritate
738 2240 801 2321 uti,
832 2239 888 2322 qui
918 2240 950 2302 in

10 2329 129 2414 rgicis
154 2329 202 2390 ita
224 2326 354 2391 scribsit
375 2326 578 2409 (9.11110):

10 2447 123 2507 rimus
148 2463 219 2527 ego
243 2443 281 2505 in
304 2443 467 2526 patriam
489 2462 646 2525 mecum,
669 2442 778 2505 modo
798 2442 877 2505 vita
896 2463 950 2505 su-

576 2531 705 2613 persit.

37 2649 124 2711 enim
158 2645 193 2709 in
224 2646 297 2709 loco
325 2644 523 2731 Vergilius
555 2644 758 2729 ἀκυρότερον
788 2665 825 2707 eo
854 2645 950 2707 verbo

10 2759 13 2797 ι
41 2736 185 2817 ridetur,
216 2735 302 2817 quod
334 2735 503 2818 supersit
535 2734 616 2798 dixit
643 2755 702 2817 pro
732 2733 951 2816 ‘longinquius

10 2822 118 2907 iusque
156 2823 262 2906 adsit,
298 2823 441 2905 illudque
479 2828 590 2886 contra
626 2823 767 2887 eiusdem
801 2820 995 2905 Vergililss

10 2910 56 2976 ill
64 2914 146 2991 126)
170 2911 335 2994 eliquanto
359 2917 407 2976 est
430 2910 642 2995 probabilius:

10 3025 240 3108 lorentisque
269 3033 400 3091 sec-ant
426 3026 563 3090 herbas
591 3026 813 3107 fluviosque
842 3024 950 3088 mini—

10 3224 173 3287 arraque,
191 3225 236 3267 ne
256 3204 395 3267 blando
413 3119 797 3294 nequeatsibbbtresee
812 3201 951 3284 labori,

10 3317 96 3383 ificat
127 3319 214 3382 enim
243 3340 338 3402 supra
365 3318 509 3382 laborem
537 3338 606 3381 esse
633 3337 736 3398 neque
764 3317 904 3400 opprimi
931 3339 951 3379 a

10 3426 55 3470 ue.

16 3598 109 3653 scos
122 3598 148 3652 Π
163 3604 225 3663 soa,
241 3604 299 3665 132
318 3598 418 3663 Vrec,
434 3603 467 3651 13
542 3602 575 3651 10
594 3597 666 3651 serv.
682 3598 714 3649 Α.
730 3596 765 3665 (v
776 3601 839 3663 ur)
851 3594 950 3647 x1420

13 3784 24 3828 1
42 3778 113 3849 sup]
126 3782 151 3830 Δ
165 3775 290 3830 futurum
305 3797 326 3829 ω
339 3780 349 3845 ΙΙ
364 3783 380 3829 2
395 3775 418 3828 si
432 3773 463 3828 id
477 3792 494 3829 c
506 3778 516 3843 n
530 3779 545 3827 9
560 3789 716 3842 exuperans
731 3793 753 3825 ω
767 3788 835 3827 corr.
847 3772 934 3825 Hertz
944 3772 953 3836 ΙΙ

10 3849 93 3903 aribo
109 3853 160 3902 Π
182 3863 273 3901 uacuo
291 3851 385 3917 31116
409 3862 439 3901 sc
461 3862 512 3902 om.
533 3850 578 3914 Au
592 3851 624 3900 17
649 3845 795 3898 indoctum
819 3842 950 3910 Fatsterl

10 3940 130 4006 itumque
146 3936 317 3992 Cornelissen
330 3938 339 4006 ΙΙ
353 3942 387 3989 24
407 3935 445 3989 sit
457 3936 494 3987 12¹
509 3935 514 4007 t
530 3923 669 3998 lLLVTQ.
686 3937 708 3984 Δ
731 3930 805 3987 illud
820 3950 841 3986 ω

754 4027 792 4081 GC
