2144 4328
416 544 465 598 Ie

416 742 465 807 IX

73 887 110 921 ue
130 868 233 933 fuerit,
257 866 320 937 quis
340 866 409 920 ordo
428 865 594 936 disciplinae
613 867 831 936 Pythagoricae,
855 888 942 939 qm.

73 939 227 1063 11tpimporis
242 939 411 1008 imperatum
426 937 658 1006 observatumque
673 939 711 993 sit
722 939 849 994 discendi
858 942 943 998 simul

73 1171 75 1188 ·
95 1144 196 1220 atque
214 1139 297 1201 ratio
314 1135 557 1221 Pythagorae
576 1158 613 1201 ac
632 1137 781 1220 deinceps
799 1139 964 1207 familisel

73 1229 222 1291 :essionis
236 1228 304 1291 eius
318 1226 492 1308 recipiendi
503 1225 755 1308 instituendique
765 1227 939 1311 discipulos

73 1316 145 1380 nodi
165 1316 264 1380 fuisse
282 1314 433 1380 traditur:
455 1312 522 1378 Iam
541 1336 560 1377 a
579 1315 737 1398 principio
756 1316 964 1382 adulescens²

78 1427 148 1468 sese
167 1404 209 1468 ad
227 1403 411 1469 discendum
431 1403 623 1485 obtulerant,
645 1402 937 1488 ἐφυσιογνωμόνει.

73 1517 111 1557 un
132 1494 294 1579 significet
307 1514 412 1557 mores
427 1497 619 1574 naturasque
633 1491 799 1555 hominum
815 1494 938 1558 coniec-

73 1583 209 1664 quadam
232 1583 271 1646 de
295 1583 359 1647 oris
382 1586 414 1645 et
437 1583 544 1645 vultus
567 1583 697 1666 ingenio
716 1581 818 1662 deque
837 1583 937 1646 totius

102 1672 160 1735 filo
192 1675 289 1754 etque
320 1670 433 1735 habitu
465 1671 627 1735 sciscitari.
682 1669 764 1733 Turn
798 1671 853 1751 qui
885 1683 961 1733 ex-3

91 1760 132 1823 ab
156 1781 196 1824 eo
215 1761 410 1842 idoneusque
429 1759 541 1840 fuerat,
564 1759 664 1842 recipi
682 1759 716 1822 in
735 1757 936 1840 disciplinam

73 1849 195 1913 ubebat
222 1853 255 1913 et
281 1854 408 1931 tempus
435 1853 556 1912 certum
584 1852 703 1913 tacere:
733 1869 798 1910 nou
826 1869 936 1912 omnes

73 1938 111 2001 ed
149 1938 232 2001 alios
268 1937 354 2001 eliud
390 1943 516 2020 tempus
548 1958 606 2019 pro
638 1937 807 2000 aestimato
839 1941 935 2020 captu

73 2049 92 2089 e.
139 2025 172 2091 Is
195 2030 316 2108 eutem,
339 2027 394 2108 qui
418 2026 556 2107 tacebat,
580 2048 660 2107 quae
684 2025 871 2089 dicebantur
893 2026 960 2090 abl

73 2115 188 2197 diebat,
211 2137 314 2197 neque
333 2117 522 2199 percontari,
545 2115 703 2197 siparum
726 2115 934 2195 intellexerat,

73 2206 280 2285 ommentari,
312 2226 393 2286 quee
420 2205 576 2283 audierat,
602 2203 650 2266 fas
678 2209 758 2284 erat3
787 2203 841 2267 sed
869 2226 933 2268 non

74 2295 224 2376 uisquam
243 2294 344 2358 tacuit
362 2315 458 2375 quam
477 2293 654 2356 biennium:
678 2293 712 2355 hi
731 2314 861 2375 prorsus
880 2315 933 2376 ap-

73 2389 126 2445 tur
148 2384 234 2446 intra
256 2388 383 2464 tempus
406 2382 531 2445 tacendi
552 2381 764 2463 audiendique
783 2381 934 2446 ἀκουστι-

73 2493 80 2535 ;
98 2472 156 2535 ubi
176 2494 226 2535 res
246 2471 420 2536 didicerant
438 2493 543 2534 rerum
561 2471 704 2533 omnium
719 2471 959 2553 difficillimas,o

73 2561 247 2642 udireque,
280 2566 376 2642 atque
407 2581 475 2622 esse
507 2561 570 2621 iam
603 2564 774 2641 coeperant
806 2560 933 2624 silentio

83 2650 137 2713 cui
164 2655 233 2713 erat
260 2670 377 2712 nomen
404 2647 576 2731 ἐχεμυθία,
608 2653 677 2711 tum
706 2649 803 2711 verba
829 2648 933 2712 facere

73 2760 134 2800 rere
163 2759 307 2820 quaeque
335 2737 497 2801 audissent
525 2738 662 2800 scribere
690 2741 735 2817 et,
763 2758 844 2818 quae
872 2738 934 2819 ipsi

73 2832 141 2904 itur,
164 2848 349 2909 expromere
373 2830 515 2908 potestas
534 2831 614 2906 erat3
637 2825 672 2888 hi
692 2825 880 2889 dicebantur
900 2828 960 2890 ine

75 2937 130 2977 ore
153 2920 390 2998 μαθηματικοί,
413 2915 453 2978 ab
477 2915 527 2977 his
551 2916 673 2978 scilicet
696 2914 832 2995 artibus,
856 2935 934 2995 quas

74 3024 145 3067 cere
183 3009 278 3086 atque
314 3005 460 3068 meditari
491 3005 745 3085 inceptaverent:
782 3004 933 3084 quoniam

73 3094 148 3171 iam,
185 3095 422 3180 gnomonicam,
454 3094 608 3155 musicam
642 3097 824 3174 ceterasque
856 3093 932 3156 item

73 3203 109 3244 as
141 3181 270 3245 altiores
300 3185 477 3265 μαθήματα
505 3187 628 3244 veteres
657 3179 767 3245 Graeci
794 3183 933 3264 appella·

73 3271 164 3354 ulgus
192 3276 312 3353 autem,
344 3294 424 3354 quos
453 3271 617 3355 gentilicio
645 3270 800 3334 vocabulo
830 3268 934 3334 ‘Chel-

74 3478 138 3515 arro
157 3461 175 3516 l.
189 3461 208 3516 l.
222 3462 247 3515 X
261 3471 286 3531 2,
302 3469 317 3516 5
336 3466 426 3517 Amm.
441 3462 506 3516 XIV
523 3468 564 3527 11,
577 3466 610 3514 28
719 3469 750 3515 12
762 3480 820 3530 sqq.
832 3462 933 3529 Porph.

85 3539 118 3585 13
133 3533 276 3588 lamblich.
288 3541 320 3588 71
336 3535 415 3604 Diog.
427 3535 456 3588 L.
467 3533 534 3587 VIII
544 3539 568 3599 1,
579 3537 594 3585 8
605 3535 659 3602 (10)
674 3533 755 3602 Apul.
766 3533 824 3586 flor.
836 3539 869 3585 15
879 3535 935 3602 (60)

73 3712 89 3764 ri
108 3716 181 3779 l’fla
202 3713 314 3767 dicendi
333 3717 408 3783 Vflb
427 3713 518 3766 oratio
537 3733 558 3764 ω
575 3715 578 3779 Ι
595 3710 659 3763 farn.
680 3713 730 3764 del.
756 3712 835 3780 Vopel
848 3713 888 3776 116
907 3712 937 3764 et

73 3787 161 3853 parat
176 3789 208 3836 12
236 3801 290 3852 que
317 3787 367 3839 dcl.
394 3787 505 3839 Vossius
527 3783 655 3835 inventus
679 3783 812 3846 (Vahlen,
840 3783 935 3835 Herm.

73 3859 131 3921 37),
149 3855 224 3909 visus
238 3857 273 3910 ol.
289 3858 353 3911 aelel.
369 3858 421 3911 atii
433 3858 443 3925 11
459 3861 491 3908 13
506 3853 657 3906 iubebatur
671 3854 781 3907 Folelcr
794 3856 803 3920 ΙΙ
818 3859 852 3904 14
866 3852 937 3906 allos

93 3925 207 3981 velius
225 3949 246 3981 ω
261 3931 316 3996 {127
337 3946 438 3998 gnum„
459 3924 654 3994 annologiam,
673 3924 809 3978 musicam
828 3924 845 3997 β
