2392 4298
397 1276 740 1351 PRAEFATIO

143 1580 226 1643 Pauca
246 1586 367 1643 tautum
384 1581 488 1656 habeo,
511 1601 588 1660 quae
605 1582 642 1643 de
660 1582 810 1643 codicibus
828 1581 973 1642 Gellianis
992 1603 1077 1658 prae-

97 1669 189 1730 nittum.
234 1672 313 1731 Nam
338 1691 406 1732 oum
429 1690 465 1731 ex
487 1674 636 1749 apparatu
657 1671 827 1751 lmgissimo
851 1672 990 1731 editionis
1014 1692 1076 1731 ma-

94 1755 144 1818 ioris
153 1760 270 1835 llertzii,
289 1761 363 1838 quid
381 1761 417 1821 de
435 1761 694 1840 consanguinitate
711 1764 743 1820 et
760 1763 916 1821 stemmate
932 1760 1075 1820 librorum

93 1848 251 1910 datuendum
274 1854 361 1924 esset,
383 1870 449 1910 mea
472 1869 563 1927 opera
585 1851 805 1927 inquisiviseem
827 1850 917 1928 idque
940 1869 1007 1909 cum
1029 1853 1075 1917 iis,

91 1953 144 2009 quc
159 1943 187 1999 iu
205 1940 392 2015 amplissima
409 1941 595 2016 praefatione
610 1939 672 2013 ille,
690 1940 773 2000 cuius
786 1941 819 1997 in
833 1938 929 1999 Gellio
943 1939 1075 1999 laborem

90 2021 183 2088 budare
205 2029 402 2104 superfluum,
424 2030 539 2088 imitari
561 2029 637 2088 velle
662 2028 852 2088 ambitiosum
875 2032 933 2101 est,
956 2048 1074 2107 conges-

89 2126 155 2185 ent,
180 2119 385 2192 contulissem,
407 2120 508 2177 omnia
533 2118 594 2178 iere
617 2120 679 2177 iam
701 2121 847 2193 occupata
869 2136 931 2177 csse
954 2121 1074 2176 minime

88 2206 199 2266 mirabar.
237 2209 316 2266 Nam
335 2208 374 2266 ad
392 2207 516 2266 eandem
533 2210 646 2269 metam
663 2225 773 2281 omncs,
791 2209 844 2282 qui
857 2210 889 2266 in
903 2208 949 2265 his
964 2211 1075 2282 campis

86 2289 228 2369 demant
252 2301 447 2373 perventuros
469 2315 532 2356 esec
551 2298 584 2355 in
603 2296 763 2373 propatulo
781 2300 835 2370 est,
858 2314 953 2372 neque
971 2316 1006 2355 ex
1025 2297 1075 2353 ad-

85 2378 243 2458 ditamentis,
261 2405 339 2461 quae
357 2404 392 2445 ex
406 2385 522 2445 Hertzii
539 2385 686 2446 schedulis
700 2385 749 2444 Fr.
763 2384 852 2444 Kuhn
859 2377 884 2466 ¹)
901 2388 1076 2461 composuit,

82 2474 224 2550 quidquam
257 2475 445 2534 fundamenti
475 2475 558 2535 illius
589 2475 868 2534 ratiocinationibus
900 2475 1075 2533 detrahitur.

81 2557 166 2638 ltaque
193 2584 262 2624 cum
290 2567 358 2623 acta
386 2582 473 2642 agere
497 2564 593 2623 videri
614 2564 739 2638 possim,
767 2566 805 2638 si,
832 2581 908 2638 quae
932 2582 999 2622 cum
1022 2563 1075 2621 illo

78 2653 195 2725 equidem
214 2655 320 2726 statui,
342 2670 516 2730 proponam,
538 2656 649 2726 tamen,
669 2656 704 2711 ut
722 2653 875 2711 commodo
893 2671 1004 2724 eorum,
1024 2655 1075 2726 qui

77 2737 118 2799 bac
145 2742 277 2800 editione
303 2743 352 2801 usi
379 2741 419 2800 ud
445 2742 569 2802 alterius
596 2761 712 2818 semper
738 2744 1017 2801 commentationem
1045 2762 1075 2799 se

73 2830 187 2909 relegari
212 2849 301 2909 aegre
325 2831 435 2904 ferant,
462 2833 636 2904 inserviam,
664 2832 766 2907 paucis
789 2830 900 2903 verbis,
929 2831 1075 2906 quomodo

71 2916 129 2978 libri
148 2919 279 2979 Gallieni
301 2922 381 2979 inter
403 2939 434 2980 se
456 2921 635 2980 cohaereant
657 2919 787 2995 quidque
810 2921 846 2979 de
869 2921 994 2998 singulis
1016 2923 1073 2978 eni·

69 3010 244 3068 edmundum
271 3010 325 3083 ait,
356 3008 530 3086 explanabo.
581 3009 680 3069 Pauca
708 3013 738 3067 et
764 3028 872 3084 parva,
904 3010 940 3068 de
968 3009 1075 3084 quibus

67 3099 165 3158 nebus
188 3098 312 3157 Hertzio
339 3099 485 3160 iudicasse
513 3099 588 3158 mibi
615 3098 731 3172 videor,
758 3102 824 3171 aut,
852 3101 886 3156 ut
914 3099 1074 3157 modestius

64 3206 161 3267 agam,
190 3191 222 3247 in
246 3187 354 3263 quibus
376 3188 428 3247 ille
450 3209 513 3248 rem
535 3206 596 3247 non
618 3188 708 3264 plane
730 3187 873 3261 absolvit,
899 3188 998 3255 facile,
1023 3191 1076 3263 qui

62 3278 87 3336 in
109 3280 160 3338 hia
184 3276 409 3355 quaestionibus
431 3281 599 3351 morantur,
623 3278 810 3354 perspicient.
927 3338 930 3345 ,

123 3366 210 3444 Opus
225 3366 394 3427 Gellianum
413 3369 536 3444 propter
554 3367 678 3426 nimiam
696 3366 933 3444 magnitudinem
950 3368 983 3423 in
1002 3366 1075 3423 duas

59 3464 159 3533 partes
183 3458 306 3516 minime
325 3475 411 3533 pares
430 3475 449 3516 a
465 3456 597 3515 librariis
616 3456 745 3516 divisum
763 3473 830 3514 cum
849 3458 934 3530 esset,
957 3455 1075 3525 eccidit

60 3558 86 3604 ut
111 3546 193 3605 liber
216 3548 340 3606 octavus
361 3547 441 3605 inter
461 3565 568 3605 aevum
585 3544 730 3605 Macrobii
748 3547 779 3604 et
796 3545 946 3604 saeculum
965 3563 1074 3602 nonum

56 3635 209 3711 deperiret
237 3636 362 3694 servatis
390 3637 453 3695 eius
480 3634 670 3693 lemmatibus
692 3635 725 3693 in
748 3632 898 3692 codicibus
922 3633 1074 3692 deteriori-

57 3723 124 3799 bnu3
153 3723 281 3783 eandem
308 3724 346 3783 ob
369 3743 503 3798 causam,
530 3743 597 3783 cum
620 3722 753 3782 membra
776 3723 834 3781 duo
857 3721 912 3780 illa
935 3722 1078 3796 discerpti

128 3918 155 3981 1)
176 3908 316 3965 F’leckcia.
330 3926 394 3965 aum
410 3911 500 3982 suppl.
515 3910 579 3965 XXI
597 3911 712 3982 Lipsiae
728 3914 796 3964 1894
810 3927 837 3979 p.
855 3916 941 3977 laqq.
