2144 4328
297 576 677 640 mmmmm
955 590 997 656 15

35 754 38 761 '
175 740 233 808 Ds
254 740 295 808 P.
312 739 472 808 Animo
498 746 665 831 superiore
690 760 823 834 sumpta
845 752 1001 835 quadarn

126 830 204 897 hus
226 835 416 897 memorato
437 831 638 919 dignissim

40 948 43 953 ·
147 918 240 999 Quid
266 918 313 987 hh
336 918 443 987 Varro
474 921 511 987 in
540 920 730 1009 logistorioo
761 926 927 1013 scripserit
958 930 997 995 ds

142 1030 165 1076 o
187 1011 284 1076 rictu
306 1031 483 1096 puerorum
506 1010 685 1097 inpubium.

107 1096 238 1165 'Notati
251 1121 274 1165 s
286 1097 487 1185 oensoribus,
505 1101 561 1185 qui
575 1101 783 1169 audientibus
795 1104 838 1170 iis
850 1106 998 1172 diamant

66 1188 223 1273 quodum
247 1187 535 1275 intempestiriter3
556 1212 596 1257 ao
619 1191 751 1257 deeius
771 1213 901 1279 qnoque
917 1199 997 1260 nota

185 1328 198 1361 ,
221 1279 281 1363 qui
303 1281 440 1343 steterat
460 1278 546 1343 forte
568 1279 653 1365 apud
676 1300 734 1345 sos
755 1280 994 1347 mutabundus.

181 1492 425 1569 comm
455 1492 587 1569 LIBRI
613 1492 785 1581 vanl

41 1626 66 1697 -l
82 1630 173 1709 Quod
189 1630 362 1699 Musonius
383 1630 601 1719 philosophus
621 1634 830 1720 reprehendit
846 1633 995 1719 inproba

39 1796 44 1803 ,
110 1720 237 1787 laudari
261 1720 494 1808 philosophum
517 1721 727 1789 disserentem
748 1745 771 1789 s
791 1722 995 1789 vociferanti-

63 1812 95 1873 ὰ
111 1809 147 1875 in
167 1809 331 1876 laudando
355 1810 579 1898 gestientibus
923 1876 926 1881 .

51 1892 214 2053 ¹¹32?oe
243 1920 329 1983 equo
361 1898 539 1965 Alexandri
568 1901 672 1988 regis,
703 1900 760 1985 qui
790 1898 993 1987 Buoophslas

174 1992 225 2052 est

50 2070 92 2140 Ill
112 2075 200 2154 Quae
220 2098 319 2143 musa
337 2078 487 2162 quodque
505 2078 636 2143 initium
653 2079 754 2143 fuisse
773 2078 899 2144 dicatur
915 2076 992 2143 Pr0-

126 2166 168 2231 sd
190 2165 417 2251 philosophiae
438 2166 563 2232 litteras
585 2166 732 2232 adeundi.

50 2250 90 2317 lv
111 2253 281 2356 Deverbo
304 2254 532 2341 duovicesimo,
558 2255 645 2340 quod
667 2256 765 2343 volgo
788 2256 990 2342 incognitum

42 2345 991 2519 ’v‘emittitlihtutllttsstlt'igit

68 2544 101 2585 us
122 2521 297 2588 Hannibal.

10 2612 17 2653 ἱ
48 2606 90 2674 Vl
117 2610 168 2677 De
190 2613 319 2677 ooronis
342 2611 552 2697 militaribus3
575 2633 658 2696 quas
680 2614 724 2677 sit
746 2634 856 2677 earum
879 2612 990 2676 trium·

10 2692 95 2781 Mis,
119 2722 201 2784 quae
228 2701 453 2784 obsidionalis,
486 2723 568 2786 quae
595 2700 711 2785 oivioa,
739 2723 822 2786 quas
848 2700 991 2785 muralis,

10 2796 64 2865 fas
74 2792 249 2874 asnensis,
264 2811 346 2873 qnae
359 2791 491 2875 navalis,
505 2812 588 2874 quae
598 2790 710 2874 oualis,
724 2812 806 2873 quas
817 2790 990 2875 oleaginea.

49 2872 103 2942 vll
123 2877 304 2943 ‘Personae'
322 2879 516 2944 uocabulum
529 2902 628 2963 quam
641 2878 747 2963 lspide
761 2879 991 2962 interpretatus

10 2958 203 3120 Quamque
232 2989 302 3032 esse
329 2971 417 3034 vocis
444 2971 512 3033 eius
541 2970 700 3055 originem
729 2969 846 3033 dixerit
872 2965 990 3032 Gavius

49 3139 120 3209 VIII
141 3144 302 3210 Defensus
321 3166 409 3210 error
426 3169 446 3211 a
463 3144 601 3232 Vergilii
619 3146 776 3231 versibus,
797 3168 878 3232 quos
897 3169 991 3231 argu·

10 3235 52 3324 {ut
70 3230 165 3298 lulius
187 3232 339 3321 Hyginus
362 3238 605 3321 grammaticum
632 3239 665 3299 et
687 3234 820 3319 ibidem,
845 3234 924 3318 quid
947 3236 991 3298 eit

10 3308 89 3401 litus,
109 3323 210 3406 deque
233 3324 432 3410 ἐτυμολογίᾳ
454 3327 544 3390 vocis
568 3326 644 3389 eius.

51 3405 89 3474 lx
109 3410 254 3477 Historia
274 3412 311 3476 de
331 3411 442 3478 Croesi
460 3414 529 3478 filio
548 3418 640 3478 muto
658 3432 698 3477 er
712 3411 872 3478 Herodoti
889 3410 989 3475 libris.

51 3494 76 3560 X
94 3498 141 3565 De
154 3504 362 3588 argumentis,
377 3523 461 3587 quae
474 3500 593 3567 Graece
607 3501 869 3586 ἀντιστρέφοντα
882 3498 991 3583 appel-

10 3572 92 3671 bur,
112 3611 131 3653 a
151 3590 245 3655 nobis
269 3591 457 3675 ‘reciprooa’
482 3592 545 3657 dici
567 3595 711 3676 possunt

23 3671 90 3769 ΙΧ]
117 3677 241 3745 Biantis
274 3680 313 3745 ds
344 3702 380 3746 re
409 3682 522 3747 uxoria
550 3681 784 3767 syllogismum·
802 3699 869 3742 non
896 3695 992 3760 posse

10 3758 80 3828 uden'
99 3766 334 3854 ἂκιστρὲφειν.

47 3849 184 4009 iiiive
209 3858 398 3925 nominibus
421 3859 552 3925 deorum
577 3856 692 3945 populi
713 3855 855 3920 Romani
876 3851 993 3917 Diovis

10 3948 33 3996 st
106 3948 190 4013 'oria
