2144 4328
144 562 233 617 XVIII
547 560 753 619 PRAEFATIO

143 733 274 806 biarum,
298 734 415 793 invenlt
435 733 467 791 iu
490 731 591 809 aliquo
614 731 691 792 libro
713 732 751 792 dc
771 733 885 793 mustos
905 734 1033 811 conseri}

143 825 202 881 iam
223 822 261 880 ad
275 820 457 899 Thucydidis
468 820 672 898 flumenque
685 822 765 883 locos
778 822 933 882 ramim
946 824 1020 881 erat

144 929 213 971 vero
241 912 347 970 borum
373 930 408 971 en
434 912 508 989 ipsis
535 909 705 987 supplebat,
732 907 851 986 nimae
876 911 915 971 16
943 929 978 971 ox
1006 909 1035 971 (l'

142 1003 235 1061 totius
255 1002 521 1080 ammirationis
538 1001 654 1078 ortgine
670 1019 730 1060 non
748 999 905 1077 patefacta
941 999 1020 1060 Item

143 1090 281 1150 Tironem
301 1088 444 1151 catenen
466 1089 506 1149 ab
527 1108 563 1149 eo
584 1088 750 1167 inspectum
772 1107 835 1150 csse
856 1089 936 1150 claro
957 1089 1037 1149 verbs

143 1181 184 1238 49
213 1179 333 1251 docent,
359 1196 456 1257 nequo
481 1177 571 1239 fidem
597 1178 627 1238 ei
652 1177 764 1259 denogo
790 1176 892 1237 XVIII
914 1178 933 1237 7
960 1196 992 1239 se
1019 1198 1038 1239 e

142 1268 289 1329 Favorino
312 1266 516 1345 suppeditasse
537 1268 729 1343 marma,
749 1265 821 1327 dum
842 1269 875 1327 in
892 1266 1036 1328 Favorini

141 1359 253 1416 fontem
277 1376 380 1417 verum
402 1356 542 1417 Verrium
563 1355 712 1437 subroges.

206 1446 289 1506 Haec
307 1464 387 1520 vero,
405 1464 482 1523 quae
499 1464 591 1523 supra
608 1447 738 1523 exposui,
746 1444 861 1549 ‘quod
851 1463 913 1505 uam
930 1464 985 1524 pro
999 1464 1041 1525 οι]

139 1553 248 1611 ponere
276 1535 359 1609 ficet,
386 1534 512 1595 duorum
538 1536 697 1613 praecipue
723 1535 855 1595 virorum
879 1552 1042 1595 acuminat

139 1625 247 1684 tilitati
278 1624 431 1698 debemus,
463 1625 516 1699 qui
547 1642 615 1685 oum
641 1622 820 1685 Dirbsenum
848 1624 977 1700 quadam
1005 1642 1041 1685 ex

137 1732 343 1792 praegressum
374 1715 469 1773 secuti
494 1712 626 1773 divom
637 1730 730 1789 opera
755 1711 794 1772 ad
820 1711 944 1773 eundem
970 1712 1044 1775 inan

138 1805 282 1877 venerint
304 1803 384 1863 hunc
405 1820 441 1862 eo
463 1804 559 1882 magis
581 1800 800 1877 stabiliverunt
820 1800 1017 1863 licrcklinum
1036 1821 1045 1862 ι

138 1889 408 1966 Kretsschmerum‚
440 1909 567 1968 quorum
598 1892 727 1969 vestigia
754 1894 926 1967 presserunt
950 1892 1046 1952 stuctn

138 1982 238 2057 amplo
266 1981 378 2054 Rusle,
405 1982 519 2039 minore
542 1972 712 2060 moelcol)
757 1977 816 2049 Qui
841 1998 912 2040 vero
939 1982 981 2041 eis
1006 2000 1048 2041 suu

136 2072 216 2144 runt
238 2072 270 2129 in
293 2070 408 2130 lubrico
431 2070 494 2129 solo
513 2072 544 2128 et
560 2087 654 2145 paone
673 2070 815 2129 exhauste
833 2068 1024 2143 desudarunt,
1044 2093 1050 2129 ;

136 2160 189 2233 qui
206 2161 346 2236 provenit
363 2159 486 2233 noctus,
504 2177 564 2218 non
580 2177 696 2235 semper
708 2158 884 2235 respondeat
896 2160 1050 2236 ingenioo

136 2266 194 2321 que
216 2249 375 2324 impensae.
422 2245 471 2307 Sic
494 2252 572 2308 certe
595 2266 717 2307 acumen
741 2265 800 2306 non
822 2247 930 2321 defuit,
955 2248 1006 2307 sed
1030 2250 1052 2309 l«

136 2335 258 2412 Beckio,
286 2339 340 2412 qui
366 2342 483 2413 partam
510 2338 642 2413 capitum
669 2355 704 2395 ex
727 2334 818 2394 Plinii
845 2336 880 2394 de
904 2336 992 2395 dubio
1016 2357 1053 2398 seu

136 2424 220 2485 libris
244 2426 400 2485 deductam
428 2445 490 2485 ease
518 2424 678 2485 contendit.
724 2422 805 2493 Quae
832 2425 923 2485 thesis
951 2444 1047 2502 neque

134 2513 255 2588 firmari,
279 2517 417 2590 quamvis
438 2516 547 2574 acriter
564 2515 605 2573 sit
622 2516 784 2590 proposita,
807 2532 911 2589 neque,
933 2514 964 2573 id
983 2516 1056 2590 quod¹

133 2607 279 2677 cesserim,
303 2604 382 2663 clare
405 2604 544 2681 redargui
562 2596 707 2684 potest²);
729 2601 895 2663 aediticium
914 2622 983 2662 vero
1002 2603 1057 2664 deb

133 2691 267 2752 trabibus
300 2696 502 2753 constructum
535 2694 625 2751 timeo
658 2710 695 2750 ne
721 2692 809 2768 pauci
836 2693 909 2767 sint,
941 2694 993 2768 qui
1020 2694 1058 2753 inu

132 2780 271 2855 audeant
294 2785 413 2857 practer
435 2781 553 2840 aedium
572 2781 697 2839 fabrum.
740 2778 839 2839 Simili
856 2781 953 2854 modo,
976 2800 1053 2857 quae

132 2889 162 2927 se
187 2871 373 2929 elucubrasse
395 2874 492 2946 putat,
515 2870 684 2945 Nettlesbip
708 2869 792 2928 nobis
812 2888 879 2928 raro
898 2870 1023 2947 probare
1041 2891 1061 2948 p

132 2959 156 3015 si
184 2977 276 3017 novos
300 2963 330 3018 et
353 2978 448 3035 paene
470 2959 588 3038 ignotos
611 2963 746 3018 auctores
769 2959 928 3018 insaniem
952 2960 1063 3019 sonum

131 3046 238 3119 culcat,
263 3047 489 3106 utOornclium
513 3047 678 3123 Epicadum
701 3048 749 3106 vel
772 3045 897 3107 Octavio
919 3048 1012 3107 Avito
1035 3051 1064 3109 si

131 3135 178 3191 vel
201 3134 323 3194 Asconii
350 3140 454 3194 contra
482 3137 694 3196 obtrectatores
717 3135 844 3214 Vergilii
871 3135 988 3196 librum.
1036 3136 1065 3197 c·

131 3241 218 3296 quem
250 3225 312 3281 iam
338 3224 395 3282 hoc
421 3244 514 3283 unum
541 3217 726 3305 opponam.⁸)
777 3223 917 3293 Quamvis
944 3245 1003 3285 non
1032 3245 1067 3287 sa

130 3329 183 3368 suo
206 3310 270 3370 loco
294 3330 362 3371 suos
385 3313 482 3372 fontes
505 3316 647 3387 nominet,
671 3312 799 3372 Gellium
822 3333 969 3390 nusquam
992 3319 1068 3377 uma

130 3403 250 3458 auctore
281 3418 336 3459 sua
368 3399 563 3478 desumpsisse
595 3403 786 3462 statuendum
818 3406 876 3476 est,
911 3405 963 3479 qui
994 3423 1054 3464 non

129 3487 260 3546 alterove
283 3488 348 3547 loco
372 3490 468 3599 totiue
488 3493 584 3567 operis
608 3496 760 3568 appareat.
802 3493 844 3551 Vt
862 3491 962 3551 XVIII
983 3496 1024 3552 14
1043 3514 1071 3553 m

200 3725 297 3794 l.)Vd
317 3743 412 3780 eorum
431 3727 517 3782 libros
536 3728 649 3799 infrap
651 3731 738 3785 XXI
752 3732 816 3786 adn.
837 3731 946 3787 allatos.

198 3798 225 3864 2)
244 3794 332 3860 Qua'
324 3815 353 3850 ιιι
371 3814 401 3852 rc
419 3814 464 3852 me
483 3800 641 3853 consentire
659 3802 769 3871 gaudeo
789 3820 851 3857 cnm
871 3802 965 3871 Goetz
984 3804 1056 3860 Ber}

128 3862 326 3921 Wochenschr.
341 3867 405 3922 XIII
418 3872 509 3938 (1898)
526 3874 602 3923 1262.

199 3939 226 4005 ³)
244 3935 297 3990 Vd.
317 3941 347 3992 et
365 3938 549 4009 Iluslucpw
521 3948 549 3993 1·
569 3946 610 3994 58.
