2144 4328
368 556 575 615 11111111Ήο
902 565 981 623 xm

96 730 233 790 suetonis
256 730 290 787 et
309 744 398 805 saepe
420 726 492 788 libri
514 748 632 806 quoque
651 730 845 809 inseriptioue
863 734 980 816 allatis,
1035 742 1038 748 '

73 818 173 879 uidem
194 818 272 879 lonis
292 818 358 878 uus
378 816 566 879 honestatem
587 818 737 896 fidemque
757 824 846 899 quasi
867 824 977 885 oollne-

83 908 223 969 ridemus
249 925 318 968 eum
343 908 439 983 ipsius
465 904 618 967 (loeti-inse
645 908 840 971 mtentandae
864 912 978 973 studio:

73 1016 142 1057 uun
164 1015 227 1057 nou
248 998 356 1057 ratioet
376 998 527 1069 meteres,
552 1014 604 1057 eos
625 1000 783 1074 umquam
804 1002 875 1075 post
895 1003 978 1061 tan-

73 1109 80 1147 ι
107 1088 224 1164 positos
250 1088 315 1145 tarn
340 1084 438 1145 obiter
464 1088 689 1161 oommemorat,
716 1088 752 1147 ut
773 1088 833 1148 uisi
852 1090 978 1151 intentis

73 1177 208 1235 intuenti
228 1192 290 1235 uon
310 1172 465 1252 prodeant
505 1173 660 1235 Interdum
679 1178 780 1235 tamen
798 1176 914 1237 silendo
931 1196 977 1239 oe·

73 1283 109 1323 ue
126 1282 164 1323 eo
180 1260 381 1343 progreditur,
398 1266 434 1323 ut
449 1264 540 1341 plane
556 1264 639 1324 fonte
656 1265 778 1340 proprio
796 1267 828 1325 et
841 1266 977 1342 proximo

73 1372 117 1414 uo
141 1356 252 1413 testem
279 1371 311 1411 re
337 1370 410 1412 rere
434 1370 455 1411 a
480 1370 511 1413 se
537 1352 670 1413 alienum
694 1354 792 1428 roeet3
819 1354 899 1430 quod
921 1357 977 1415 im·

91 1442 139 1517 fit,
167 1445 194 1502 si
219 1460 256 1501 ex
283 1440 507 1517 eosequalibus,
533 1460 661 1517 quorum
685 1442 816 1501 sermoni
837 1444 868 1501 et
889 1441 976 1503 disei-
1018 1470 1021 1475 ·

81 1531 164 1590 hand
186 1532 320 1609 fferam,
342 1529 428 1589 libris
448 1548 571 1607 perraro
592 1548 648 1590 sua
665 1529 771 1590 debere
788 1529 885 1590 rideri
902 1532 977 1605 vult,

118 1620 228 1696 Itaque
258 1636 328 1679 eum
354 1616 451 1679 Gellio
477 1621 510 1679 in
538 1618 694 1679 afferendis
720 1618 854 1679 fontibus
880 1622 977 1679 maior

73 1710 178 1769 esteris
196 1708 259 1767 fere
275 1707 413 1769 omnibus
429 1706 502 1769 lides
520 1710 569 1783 sit,
591 1711 693 1767 tamen
710 1710 742 1767 in
760 1707 977 1787 investigandis

73 1801 133 1858 eris
161 1796 295 1859 fontibus
321 1796 454 1859 salebim
480 1814 541 1857 non
567 1796 683 1857 demut.
732 1796 812 1857 Nam
838 1798 977 1873 quamvis

85 1890 219 1963 nequeat
242 1886 330 1945 illum
351 1904 452 1946 omnes
473 1886 542 1946 illos
564 1887 723 1961 seiiptores
745 1886 977 1961 antiquissimos,

73 2004 86 2045 a
107 1977 267 2048 Naevium,
284 1975 423 2049 Ennium,
441 1974 594 2047 Laeuium,
613 1972 764 2049 Catonern,
783 1974 976 2049 Tuberonem,

73 2068 202 2144 garisim
225 2064 299 2124 alios
317 2064 432 2141 legisse,
453 2068 554 2123 tamen
571 2064 661 2137 loeos,
679 2064 715 2122 de
733 2063 841 2139 quibus
859 2066 976 2140 oopiose

73 2159 101 2214 le
129 2154 280 2229 d'mputat,
305 2171 447 2230 persaepe
470 2170 529 2213 non
553 2171 588 2210 ex
610 2153 730 2213 illorum
753 2153 827 2229 ipsis
849 2154 976 2229 seriptis,

80 2246 281 2320 interpretum
294 2243 513 2302 commentariis
527 2243 848 2320 grammaticorumque
862 2242 976 2301 artibus

73 2336 138 2404 isit,
162 2331 272 2408 quibus
293 2332 342 2391 hie
362 2332 426 2391 illie
448 2350 540 2390 unum
564 2331 728 2390 alterumve
751 2331 918 2406 exemplum
940 2350 976 2390 ex

73 2422 191 2482 hedulis
215 2421 331 2480 edieeit.
372 2420 454 2479 Idem
476 2422 589 2480 fautum
608 2422 654 2478 est
670 2421 702 2478 in
721 2419 859 2495 operibus
879 2438 976 2497 gram

73 2532 147 2585 mm,
169 2511 331 2583 rhetorum,
351 2510 602 2585 philosophorum,
620 2509 906 2581 iurisoonsultorum,
924 2510 976 2567 ubi

73 2620 114 2660 no
143 2602 252 2677 spretis
279 2598 410 2658 tontibus
437 2616 525 2657 verae
551 2599 743 2673 antiquitatis
771 2599 844 2657 sads
870 2597 976 2657 habirit

73 2709 112 2749 ‚es
136 2688 219 2747 adire
242 2707 335 2762 exque
357 2689 395 2747 iis
417 2687 557 2761 delibare,
579 2705 656 2762 quae
679 2688 806 2762 speeiem
825 2685 976 2747 doetrinae

73 2799 95 2837 e
117 2797 191 2854 prae
214 2796 245 2836 se
268 2778 391 2850 tenent,
413 2779 456 2847 ut,
479 2776 549 2835 dum
571 2777 636 2851 ipse
658 2794 762 2851 sapere
785 2774 912 2849 videtur,
934 2776 977 2835 ibi

73 2870 106 2926 lsi
134 2867 232 2925 alieno
259 2866 368 2925 calleat
393 2867 521 2943 ingenio.
567 2863 650 2924 Tune
675 2882 745 2923 vero
768 2866 886 2924 nostrae
909 2883 977 2924 oon·

73 2959 126 3015 inis
144 2973 290 3014 memores
308 2954 448 3014 libentius
467 2956 496 3013 ei
514 2956 640 3025 veniam,
659 2956 684 3013 si
703 2955 791 3012 venia
808 2956 877 3031 eget
888 2954 977 3013 horno

73 3047 129 3103 reri
149 3045 335 3118 aliorumque
355 3045 446 3103 etism
463 3046 495 3101 in
513 3062 545 3101 re
563 3044 712 3102 litteraria
730 3060 846 3101 morum
865 3042 976 3120 legum-

73 3134 198 3205 sbimus,
219 3151 297 3201 eum,
320 3151 396 3208 quae
419 3135 451 3191 in
473 3133 685 3191 commentario
708 3131 837 3206 quodam
856 3131 978 3208 legerat,

74 3242 105 3281 re
132 3225 198 3298 ipso
226 3221 361 3281 eonsiilto
389 3221 435 3281 his
462 3225 497 3279 ut
523 3222 562 3280 ab
589 3222 655 3296 ipso
682 3221 807 3296 repertis
831 3238 902 3279 usus
925 3222 978 3276 est.

73 3331 112 3371 ios
130 3330 249 3386 quoque
268 3312 438 3386 saepissime
458 3310 650 3369 adnotatione
668 3309 839 3383 interpretis
854 3308 979 3366 alieuius

73 3401 190 3479 deologi
212 3399 360 3458 admoniti
381 3418 441 3458 non
464 3399 634 3458 dubitamus
656 3397 703 3455 his
726 3401 760 3455 ut
783 3397 859 3455 bono
879 3396 980 3454 nostro

73 3489 208 3549 ammodo
235 3488 316 3548 looos
342 3488 448 3549 allatos
471 3490 530 3565 ipsi
552 3488 764 3563 inspexerimus
787 3503 896 3559 eosque
918 3501 981 3542 esse

73 3582 212 3655 aptusque
230 3580 374 3655 primasio
393 3580 470 3636 fonti
488 3578 640 3636 adstantes
653 3575 894 3632 intellexerimus.
933 3570 982 3629 Sie

73 3668 158 3726 tradit
177 3667 191 3725 Ι
213 3672 251 3726 11
278 3667 314 3726 de
333 3666 633 3728 Lacedaemoniorum
657 3664 842 3736 aliorumque
865 3679 919 3718 usu
944 3661 981 3716 ti-

73 3881 203 3939 —1e;‘zu
224 3873 249 3927 V
266 3879 349 3940 1-53
367 3878 393 3940 9,
407 3879 437 3937 ὃς
457 3879 503 3939 1ος
524 3878 571 3939 123
592 3874 687 3935 16316
707 3866 984 3931 XV837,1-2;e;

74 3954 153 4012 -Ῑθς
173 3952 222 4013 18,
240 3950 290 4011 203
309 3950 357 4011 213
376 3948 423 4011 ἥς
443 3950 485 3999 28.

73 4056 129 4089 arra
142 4047 177 4088 ed.
190 4045 302 4085 Hortus
807 4033 828 4095 b
