2392 4298
141 530 184 593 70
581 528 594 583 I
615 536 661 593 14;
683 536 715 583 15

138 694 179 758 ab
202 693 332 758 auribus
356 694 396 757 ad
420 692 531 758 oculos
554 699 587 757 et
610 694 693 757 infra
716 693 866 775 deinceps
888 692 929 756 ad
952 713 1045 757 nares
1065 696 1096 755 et
1115 684 1178 755 ad

139 804 175 847 os
207 786 239 846 et
266 783 306 846 ad
334 784 443 867 gulam
471 786 568 864 atque
595 783 669 847 inde
696 802 793 865 porro
821 782 861 845 ad
888 784 1032 845 ventrem
1052 782 1156 845 imum

138 872 307 936 deduxisse
330 876 363 936 et
385 872 501 957 legatis
524 872 570 935 ita
587 871 803 955 respondisse:¹
825 871 904 935 dum
921 870 988 935 illis
1006 868 1143 933 omnibus

138 961 304 1041 membris,
345 982 427 1043 quae
463 960 637 1045 attigisset,
674 959 829 1024 obsistere
864 962 963 1041 atque
998 958 1135 1042 imperas

138 1054 260 1132 posset,
288 1070 464 1133 numquam
494 1050 665 1132 quicquam
693 1050 893 1130 defuturum3
924 1052 1088 1131 prepterea
1107 1064 1130 1107 ss
1157 1046 1184 1093 ⁵·

138 1139 322 1221 pecuniam,
354 1160 417 1220 qua
445 1137 526 1202 nihil
554 1138 616 1202 sibi
643 1142 727 1202 esset
753 1159 844 1218 usus,
875 1137 916 1202 ab
944 1136 1009 1217 his,
1037 1134 1129 1219 quitus

139 1249 208 1291 eam
233 1229 329 1292 sciret
352 1229 422 1291 usui
447 1248 529 1303 esse,
553 1248 619 1290 non
641 1228 793 1310 accipere.

616 1422 677 1486 XV

137 1542 227 1607 Quam
246 1543 427 1626 inportunum
447 1544 546 1597 vitium
564 1544 741 1626 plenumque·
753 1542 813 1597 odii
831 1542 870 1625 sit
885 1542 990 1626 luttilis
1004 1540 1128 1624 inanisque

172 1614 330 1681 loquacitas
354 1617 383 1668 et
406 1631 491 1683 quam
513 1615 611 1668 multis
635 1632 665 1667 in
688 1614 758 1669 loeis
776 1630 794 1668 a
812 1613 989 1684 principibus
1006 1612 1163 1679 utriusque!

173 1685 287 1756 linguae
306 1686 373 1739 viris
393 1686 581 1741 detestatione
600 1687 675 1740 iusta
694 1684 810 1755 culpata
828 1685 873 1739 sit.

112 1830 125 1876 1
204 1812 267 1889 Qui
299 1820 374 1877 sunt
407 1816 492 1878 leves
525 1819 557 1877 et
586 1813 711 1879 futtiles
739 1818 772 1878 et
798 1814 964 1896 inportuni
992 1813 1130 1877 locutum

137 1902 257 1984 quique
288 1904 378 1965 nullo
411 1925 518 1966 rerum
550 1903 690 1985 pondere
723 1903 825 1966 innixi
855 1901 961 1965 verbis
989 1898 1131 1966 uridiset

135 1989 336 2073 lapsantibus
360 1991 526 2071 diffluunt,
552 2013 661 2056 eorum
687 1992 865 2055 orationem
887 1990 970 2055 bene
993 1990 1131 2055 oneum

136 2083 206 2143 tum
230 2084 279 2142 est
301 2080 336 2142 in
359 2101 414 2144 ere
436 2082 538 2161 nasei,
565 2102 632 2144 non
654 2082 689 2145 in
711 2087 854 2163 peet0r03
876 2080 1022 2166 linguam
1043 2080 1165 2143 ausus

136 2168 251 2231 debere
274 2170 365 2232 aiunt
387 2190 455 2233 non
477 2191 546 2233 esse
568 2169 702 2233 liberam
726 2191 785 2235 nee
809 2189 938 2255 vagam,
960 2170 1016 2235 sed
1038 2164 1133 2233 vincli·
1169 2202 1172 2207 ·

136 2257 175 2320 de
199 2261 328 2340 pectore
352 2258 417 2321 imo
441 2280 478 2323 ac
501 2258 540 2322 de
563 2259 658 2323 corde
681 2260 767 2342 aptis
790 2258 912 2322 moveri
935 2262 968 2321 et
986 2257 1076 2341 quasi
1090 2274 1134 2341 gu

110 2345 271 2409 absmari.
315 2344 481 2411 Sedenim
505 2348 613 2411 rideas
636 2348 792 2430 quosdam
816 2351 938 2411 scatere
960 2346 1065 2411 verbis
1081 2344 1136 2409 sin

136 2436 204 2498 ullo
228 2435 338 2499 iudicii
362 2437 492 2519 negatio
517 2458 589 2500 cum
613 2438 783 2501 securitate
807 2436 909 2499 multa
932 2439 965 2500 et
985 2432 1137 2519 profunda

136 2529 174 2587 ut
200 2525 368 2605 loquentes
397 2526 586 2608 plerumque
614 2526 782 2589 rideantur
808 2525 899 2607 loqui
926 2546 995 2589 sese
1022 2522 1139 2589 nuens

111 2610 256 2677 sVlixen
274 2617 386 2677 contra
400 2612 600 2695 Homerus,
624 2615 727 2677 virum
746 2614 883 2697 sapienti
900 2612 1051 2679 facundia
1063 2630 1142 2697 praa·

137 2702 255 2783 ditum,
280 2723 391 2766 vocem
416 2703 543 2768 mittere
566 2704 612 2766 ait
634 2725 701 2766 non
723 2724 763 2767 ex
787 2724 851 2783 ore,
873 2702 929 2766 sed
952 2724 992 2767 ex
1015 2706 1145 2787 pectere,

137 2792 224 2873 quod
252 2788 374 2856 scilicet
401 2813 468 2855 non
494 2793 535 2856 ad
562 2813 677 2856 senum
706 2794 809 2876 magis
831 2790 1042 2874 habitumque
1064 2788 1149 2855 voci!

137 2901 234 2961 quam
254 2881 292 2944 ad
312 2882 543 2944 sententiarum
562 2882 690 2964 penitus
707 2885 935 2963 conceptarum
949 2880 1147 2945 altitudinem

137 2970 320 3050 pertineret,
345 2970 604 3052 petulantiaeque
628 2969 797 3033 verborum
821 2970 1014 3035 coercendas
1032 2970 1149 3033 vallum

138 3078 207 3120 esse
234 3060 419 3140 oppositum
448 3059 592 3123 dentium
619 3060 783 3124 luculente
810 3058 905 3140 dixit,
936 3062 974 3123 ut
1000 3050 1153 3140 loquendi

138 3147 301 3209 temeritas
337 3168 403 3209 non
440 3147 543 3211 cordis
577 3151 705 3211 tantum
737 3148 882 3212 custodia
913 3151 1011 3229 atque
1042 3146 1152 3233 vigilia

137 3233 339 3315 cohibeatur,
372 3236 426 3298 sed
458 3242 491 3300 et
523 3236 712 3319 quibusdam
746 3238 838 3319 quasi
865 3236 1010 3301 excubiis
1038 3238 1071 3301 in
1097 3254 1155 3299 ore

138 3323 252 3404 positis
276 3325 444 3407 saepiatur.

210 3520 243 3567 25
263 3514 345 3584 Apul.
361 3514 396 3568 de
416 3516 509 3585 dogm.
525 3517 597 3571 Plat.
612 3517 624 3570 I
640 3522 673 3571 14

210 3698 226 3743 9
241 3692 353 3745 subtilis
364 3696 441 3763 v1311
459 3694 575 3747 CVLPA
584 3701 607 3747 Δ
619 3694 664 3765 113
679 3696 771 3749 uvidis
780 3696 897 3751 Salmas.
911 3694 961 3749 ubi
976 3694 1021 3749 dis
1035 3696 1102 3765 (diis
1110 3694 1151 3763 1⁵¹)

138 3767 159 3814 P
177 3756 321 3832 (numidis
336 3784 357 3816 ω
376 3764 493 3817 tumidis
508 3766 619 3821 Falslcr
631 3770 641 3835 ΙΙ
656 3772 688 3819 17
708 3766 856 3835 aptissimo
872 3766 933 3821 ueri
946 3768 993 3837 η
1007 3772 1043 3823 18
1060 3766 1107 3823 Sic
1120 3768 1152 3833 σΙ

139 3839 173 3885 ⁴23
192 3850 262 3901 quos
280 3838 347 3903 (quo
366 3839 396 3902 P)
415 3834 524 3890 scilicet
542 3836 619 3905 (lieet
633 3842 666 3906 B)
683 3858 704 3890 ω
722 3854 791 3893 cerr.
808 3838 856 3892 Gr.
871 3840 929 3907 1126
948 3838 1073 3907 pertinet
1087 3840 1154 3909 (dr-l

140 3910 173 3958 26
194 3904 390 3973 luculenteque
410 3906 515 3976 V¹1129
535 3907 663 3979 sepiatur
680 3914 727 3960 Π
