2392 4298
146 550 184 604 VI
548 549 756 606 PRAEFATIO

147 722 300 799 scriptoris
319 742 378 782 non
397 726 466 782 ente
485 722 636 782 saeculum
652 714 792 799 XIVJXV
810 723 842 782 ln
860 740 952 780 unum
971 738 1078 795 corpus
1097 719 1161 779 red·

145 814 246 886 ierint,
268 813 304 870 de
327 815 454 888 utreque
476 813 562 888 parte
585 812 747 887 separatim
771 810 855 870 nobis
878 811 1035 870 dicendum
1059 814 1112 869 est.

212 901 257 960 Ac
284 902 413 977 prImum
440 899 560 976 quidem
588 903 622 960 ut
649 899 687 958 ad
709 901 839 975 priorem
861 903 977 975 partem
1000 902 1162 975 vertamus,

145 992 176 1049 in
202 991 286 1049 libris
309 982 461 1071 I-Vw)
484 1007 532 1049 ars
556 990 660 1049 critica
682 988 778 1047 tribus
801 988 958 1066 praecipue
980 988 1161 1049 membranis

146 1081 261 1153 nititur,
284 1079 391 1154 quibus
415 1078 559 1138 accedunt
581 1097 713 1137 summae
736 1081 766 1137 et
789 1080 896 1138 aetatis
920 1081 950 1137 et
973 1080 1161 1138 auctoritatis

146 1169 236 1228 codex
260 1172 392 1243 questus,
415 1168 467 1227 sed
489 1169 606 1226 laciniis
629 1170 747 1226 tantum
770 1169 913 1241 servatus,
936 1169 967 1226 et
984 1167 1108 1244 quintus
1126 1187 1161 1227 ex

146 1256 297 1316 Cari-ionis
315 1257 376 1316 fere
395 1257 486 1316 solius
505 1256 664 1315 collatione
682 1248 807 1337 notus.²)
845 1255 922 1316 Sunt
937 1275 1008 1315 vero
1027 1256 1074 1316 illi
1087 1258 1161 1315 tres:

106 1339 131 1407 P
213 1346 310 1405 (lodex
323 1345 393 1404 bibl.
408 1349 468 1404 net.
484 1344 608 1404 Parisin.
625 1346 709 1404 6765
723 1336 784 1427 (Ρ),
798 1363 873 1404 saec.
883 1344 966 1419 XIII,
980 1347 1033 1421 qui
1047 1346 1162 1406 omittit

145 1435 271 1508 11-2,
288 1436 329 1494 10
353 1438 384 1493 et
406 1434 515 1494 desinit
538 1433 596 1491 VII
611 1435 675 1506 4,3
699 1435 731 1492 in
754 1434 851 1493 verbis
873 1436 947 1493 ictus
968 1435 1046 1493 solis,

214 1524 311 1584 Codex
333 1522 561 1601 Lugduno-Bat.
584 1521 789 1582 Gronovianus
814 1526 865 1597 21,
888 1523 960 1582 oIIm
982 1522 1160 1582 Rottendor·

102 1605 241 1672 Rfianus
267 1604 339 1694 (R),
367 1612 458 1670 variis
485 1611 622 1670 manibus
649 1612 792 1687 somptus,
819 1613 967 1688 plerisque
994 1629 1070 1671 saec.
1094 1611 1161 1684 XII,

145 1702 256 1761 desinit
278 1701 321 1759 VI
337 1702 388 1774 20,
404 1701 431 1759 6.
477 1699 634 1759 Lemmata
656 1699 770 1758 desunt.

101 1784 130 1850 V
213 1790 309 1850 Codex
331 1789 495 1849 Vaticanus
515 1790 600 1848 3462
616 1780 683 1870 (V),
702 1807 776 1848 saec.
796 1788 878 1862 XIII,
895 1791 1040 1864 iucipiens
1059 1789 1097 1848 sb
1115 1792 1161 1848 iu·

145 1881 208 1938 dice
232 1879 432 1957 capitulorum
454 1879 565 1937 omissa
585 1877 779 1954 praefatione.

211 1968 273 2029 Hos
298 1968 390 2028 libros
413 1986 449 2027 ex
471 1967 575 2027 eodem
598 1967 759 2044 archetypo
782 1966 899 2026 fluxisse
923 1968 997 2026 satis
1020 1968 1161 2027 evincunt

145 2058 265 2117 eaedem
286 2057 419 2133 lacunae,
442 2075 510 2116 cum
532 2056 548 2114 I
567 2059 596 2131 4,
616 2057 650 2130 3,
669 2058 721 2129 22,
741 2057 759 2114 5
784 2055 814 2114 Π
834 2057 863 2130 6,
879 2058 933 2131 12,
953 2058 1005 2130 20,
1020 2058 1054 2131 2,
1074 2058 1159 2130 21,3

144 2146 291 2221 ΙΠ13,3
315 2146 357 2204 IV
374 2148 475 2221 1,12,
495 2147 580 2218 16,3
604 2145 801 2218 v19,17s1.
825 2148 890 2203 tum
912 2144 1089 2222 capitis12
1113 2165 1160 2204 ex-

144 2236 241 2294 euntis
261 2239 292 2295 et
308 2237 439 2295 ineuntis
459 2237 488 2308 3,
511 2234 615 2294 eadem
632 2233 837 2294 additamenta
855 2252 994 2310 perversa
1012 2233 1058 2292 III
1074 2237 1125 2309 17,
1140 2235 1159 2294 6

143 2324 170 2382 V
193 2325 243 2399 18,
263 2326 281 2383 9
306 2323 350 2382 VI
369 2326 398 2398 9,
419 2327 469 2398 17,
488 2324 591 2383 eadem
609 2323 718 2383 menda
735 2323 750 2381 I
765 2324 794 2397 3,
810 2324 865 2398 19,
885 2325 941 2399 24,
961 2325 1018 2399 25,
1033 2324 1090 2398 28,
1105 2325 1160 2397 29,

146 2414 359 2489 7,1,13,10
382 2411 633 2487 116,20314‚s
658 2412 703 2470 ΠΙ
720 2414 804 2486 17,6
828 2411 871 2470 IV
889 2415 938 2487 11,
954 2414 987 2487 3,
1008 2415 1058 2487 14,
1074 2414 1093 2472 3
1109 2413 1161 2489 el.;

144 2521 212 2562 eum
230 2503 321 2562 fuisse
340 2501 564 2562 cohaerentibus
583 2500 692 2561 litteris
711 2505 864 2560 exaratum
883 2501 979 2576 iisque
992 2502 1161 2562 uncialibus

144 2591 252 2651 docent
270 2590 360 2650 verba
377 2591 456 2650 male
474 2590 624 2663 distincta,
642 2592 678 2649 ut
695 2589 710 2648 I
725 2591 754 2665 3,
770 2593 802 2664 9,
822 2591 879 2666 30,
900 2595 950 2665 11,
967 2592 1021 2665 12,
1038 2593 1088 2666 12,
1106 2595 1161 2668 14,

147 2682 197 2756 15,
214 2684 229 2738 1
247 2672 304 2761 (Β)
324 2679 355 2738 Π
371 2681 421 2753 18,
438 2681 492 2754 10,
512 2681 563 2754 24,
579 2682 612 2753 7,
632 2681 683 2753 26,
700 2683 738 2738 11
761 2678 946 2754 ΙΠ14,20,
967 2679 1161 2754 186172,

148 2774 185 2829 11
212 2769 255 2827 v1
274 2770 304 2843 3,
323 2770 353 2843 6,
379 2771 409 2828 et
432 2769 550 2828 litterae
573 2771 772 2828 commutatae
795 2767 825 2826 A
848 2771 878 2827 et
900 2768 931 2826 B
953 2768 1017 2842 13,
1038 2769 1080 2828 23
1103 2787 1161 2829 seca

144 2859 249 2931 canda,
273 2858 304 2916 B
321 2861 352 2917 et
371 2857 401 2916 R
419 2856 434 2915 I
450 2859 478 2933 3,
494 2860 533 2916 27
549 2859 746 2932 percussoque
769 2857 815 2915 III
831 2859 881 2932 16,
897 2859 938 2917 20
956 2858 1062 2932 sepius,
1085 2859 1161 2918 Pet

144 2946 205 3006 ΡΙ
226 2948 254 3022 3,
274 2948 314 3004 28
334 2965 390 3021 per
406 2964 452 3006 nec
477 2949 505 3021 7,
525 2948 566 3006 20
588 2948 834 3022 inperpectiesqee
856 2946 886 3005 Π
906 2946 924 3003 8
945 2946 1044 3005 lemna
1058 2950 1160 3023 puoto,

143 3037 218 3096 Pet
238 3036 260 3094 7
280 3035 390 3109 V111,
407 3037 627 3110 tpcrpoporet,
650 3035 681 3093 Β
699 3038 730 3095 et
747 3035 777 3093 R
793 3036 904 3095 loheel
922 3027 987 3116 (R).

211 3124 342 3194 Quorum
365 3127 488 3184 testium
511 3143 570 3183 non
594 3126 646 3199 qui
667 3125 901 3200 antiquissimus,
925 3125 1005 3184 idem
1028 3125 1160 3201 optimus

242 3276 280 3283 ..-

218 3370 243 3436 1)
267 3365 413 3436 superiore
441 3380 510 3420 aevo
534 3365 613 3434 prius
636 3363 765 3419 volumen
788 3364 964 3435 complexum
987 3383 1048 3421 esse
1070 3365 1158 3420 libros

143 3436 230 3490 I-IX
253 3453 287 3491 ex
310 3436 516 3504 subscriptione
534 3435 643 3491 Aurelii
660 3435 774 3491 Romuli
793 3436 847 3505 (vd.
867 3436 942 3491 infra
960 3455 987 3507 p.
1002 3440 1065 3507 336)
1084 3437 1157 3491 libro

145 3525 218 3563 nouo
241 3508 369 3562 subiecta
391 3523 441 3561 suo
464 3507 526 3561 iure
544 3506 629 3562 Hertz
646 3525 675 3577 p.
693 3506 832 3561 LXXXIV
850 3507 1019 3562 conclusisse
1037 3507 1157 3574 videtur,

121 3596 124 3603 ¹
145 3580 272 3648 quamvis
288 3578 427 3647 quomodo
441 3579 509 3631 tunc
523 3577 629 3633 factum
643 3578 688 3647 sit,
706 3581 740 3632 ut
752 3578 825 3634 liber
839 3582 954 3633 octavus
968 3578 1157 3646 intercideret,

144 3651 191 3704 vix
209 3649 415 3720 intellegamus.

216 3725 242 3791 2)
261 3720 303 3775 De
321 3720 466 3775 codicibus
485 3719 548 3774 aliis
567 3721 610 3774 vd.
626 3720 770 3788 Menitius,
788 3721 999 3792 Philolope'ecdcs
1016 3739 1069 3777 eccs
1085 3724 1158 3778 alten

145 3792 396 3848 soloecistam.
411 3790 482 3844 Mus.
492 3790 580 3845 Itheu.
592 3791 691 3846 XLVII
700 3794 790 3861 (1892)
805 3792 896 3916 ευρέὶ
907 3811 934 3862 p.
947 3798 993 3857 72,
1008 3792 1040 3846 Il.
1052 3793 1158 3848 Sabba-

145 3863 214 3930 dini,
233 3864 316 3917 Dcllo
334 3864 474 3918 biblioteca
492 3863 524 3917 ds·
542 3863 683 3918 Giooonni
697 3864 817 3931 θονυίπὲ,
836 3881 852 3917 v
874 3907 879 3917 .
896 3863 1004 3934 Stangl,
1020 3863 1158 3920 Wocheu·

145 3934 215 3988 schr.
231 3933 249 3987 f.
264 3932 301 3987 kl.
316 3932 388 3987 Phil.
403 3932 442 3986 III
456 3936 547 4004 (1886)
560 3952 587 4004 p.
605 3939 672 3989 1266
