2144 4328
55 493 99 556 64
495 491 509 545 1
529 498 575 559 113
595 496 628 545 re

56 658 132 721 ralis
155 658 211 720 illa
234 653 395 721 Gracchi
419 652 620 720 vehementia
641 654 819 741 indiguisse
841 676 924 737 non,
961 660 980 673 ''

14 762 47 809 15
57 745 267 809 existimanda
289 750 346 809 est
387 744 429 809 Μ.
453 748 561 809 umen
579 740 713 808 Cicero
735 744 950 809 fistulatorem

57 835 184 917 utrique
208 835 254 898 rei
276 833 457 899 adhibitum
479 854 548 897 ease
570 854 590 896 a
608 828 781 899 Graccho
803 836 908 917 putat,
928 834 967 899 ut

57 927 125 987 tum
159 922 293 1005 placidie
324 926 394 987 tum
425 922 532 987 citatis
563 926 621 986 aut
651 921 823 987 domnam
854 922 862 935 ⁰

57 1013 233 1076 orationem
258 1012 327 1075 eius
349 1012 486 1097 erigeret
507 1015 564 1075 aut
585 1010 794 1076 ferocientem
811 1012 941 1077 morien

15 1117 47 1164 16
58 1100 230 1165 cohiberet.
266 1098 375 1165 Verba
392 1101 494 1183 ipsius
511 1096 709 1163 Ciceronis
725 1099 780 1182 (de
791 1120 835 1165 or.
850 1098 918 1165 ΠΙ

57 1190 206 1273 apposui:
235 1187 368 1271 ltaque
395 1189 494 1253 idem
517 1185 725 1270 Gracchus,
751 1188 855 1271 quod
876 1192 944 1274 pot

57 1279 152 1359 dire,
184 1276 333 1359 Catule,
365 1300 409 1341 ex
436 1277 587 1342 Licinio
614 1277 758 1342 cliente
785 1282 868 1361 tuo,
893 1278 961 1344 litt

57 1366 224 1443 homine,
256 1388 364 1449 quem
393 1386 542 1431 serrum
569 1366 645 1430 eibi
672 1364 811 1431 habuit
834 1366 884 1431 ad
909 1374 990 1433 ms!

58 1477 139 1518 cum
176 1456 343 1519 eburnea
378 1455 519 1520 solitus
554 1458 613 1519 eet
647 1453 788 1519 hebere
819 1454 990 1539 fistule,¹

59 1549 180 1609 staret
207 1545 358 1609 occulte
385 1548 473 1627 poet
499 1544 637 1627 ipsum,
659 1564 742 1607 cum
764 1546 990 1609 contionata

59 1635 223 1717 peritum
255 1631 460 1716 hominem,
492 1633 557 1715 qui
588 1632 750 1698 inflaret
780 1632 990 1699 celeriter«

58 1744 204 1802 sonum,
237 1723 302 1804 qui
333 1722 444 1786 illum
471 1726 537 1786 aut
564 1721 762 1786 remissum
790 1722 980 1788 excitaret

57 1833 77 1874 a
100 1811 348 1875 contentione
371 1816 576 1875 revocaret.

16 1915 48 1962 17
127 1900 248 1962 Morem
276 1905 383 1963 autem
411 1900 503 1963 illum
528 1899 725 1983 ingrediendi
748 1900 789 1963 ad
811 1899 981 1965 tibicinum

59 1988 152 2050 dulos
176 1990 289 2070 proelii
313 1989 496 2052 institutum
520 2010 588 2051 esse
611 2009 630 2050 a
653 1987 904 2053 Lacedaemonis
924 1988 989 2053 Ari

58 2078 155 2140 teles
183 2078 222 2140 in
244 2078 359 2141 libris
383 2077 650 2160 problematon
672 2075 726 2162 (fr.
742 2081 809 2143 244
830 2077 914 2155 VR)
936 2076 990 2143 seri

59 2187 123 2247 quo
148 2167 347 2230 manifestior
368 2168 459 2229 lieret
481 2166 740 2248 exploratiorque
759 2167 901 2230 militnm
920 2187 990 2231 secu

16 2268 48 2317 18
59 2259 92 2318 et
116 2256 271 2319 alacritas.
319 2253 414 2319 ‘Nam
439 2254 646 2318 diffidentiae’
669 2255 775 2337 inquit
798 2255 844 2319 ‘et
864 2256 976 2321 timori

59 2344 256 2428 ingressione
288 2343 509 2407 huiuscemodi
543 2344 674 2407 minime
701 2344 866 2426 convenit,
899 2349 933 2410 et
958 2366 990 2409 m

59 2436 156 2514 atque
178 2433 387 2496 fomlidantee
411 2433 451 2495 ab
470 2432 531 2495 hac
549 2437 616 2496 tem
634 2433 792 2516 intrepida
815 2454 854 2498 ac
870 2438 939 2498 tam
957 2432 990 2499 de

16 2522 226 2587 leincedendi
249 2521 468 2585 modulatione
490 2522 586 2585 alieni
605 2521 701 2585 sunt'
741 2518 850 2586 Verba
868 2543 990 2605 pauca.

59 2614 215 2676 etotelis
238 2632 334 2694 super
356 2633 393 2674 ea
416 2633 450 2674 re
471 2611 620 2694 apposui:
643 2610 720 2674 Διὰ
738 2614 791 2693 τί,
809 2609 990 2676 ἐπειδὰνι

60 2701 246 2765 δυνεύειν
277 2699 485 2783 μέλλωσιν,
518 2701 614 2783 πρὸς
646 2699 768 2763 αὐλὸν
797 2697 989 2783 ἐμβαίνον

59 2790 124 2853 ἵνα
138 2794 229 2865 τοὺς
243 2789 400 2863 δειλοὺς
414 2787 736 2871 ἀσχημονοῦντας
748 2789 990 2867 prodeuntes

535 2982 598 3047 XII

59 3100 146 3171 Virgo
163 3100 265 3157 Vestae
280 3104 348 3173 quid
368 3106 470 3159 aetatis
489 3108 518 3159 et
536 3121 569 3159 ex
588 3104 667 3188 quali
686 3103 795 3157 familia
813 3108 843 3159 et
861 3122 918 3176 quo
936 3104 990 3161 rita

94 3172 203 3239 bneque
226 3175 403 3229 caerimoniis
427 3180 456 3230 et
477 3175 662 3247 religiombus
686 3191 719 3229 ac
737 3193 793 3245 quo
812 3177 927 3231 nomine
945 3194 990 3247 a}

95 3243 146 3295 fiee
165 3244 286 3299 maximo
305 3248 435 3315 capiatur
453 3250 482 3301 et
500 3264 555 3316 quo
574 3247 671 3301 statim
689 3247 750 3300 iure
766 3262 826 3301 esee
840 3247 990 3318 incipienti

96 3316 182 3381 etque
200 3318 285 3382 capta
304 3320 359 3383 eet;
378 3320 518 3387 quodque,
537 3322 569 3372 ut
587 3318 680 3372 Labeo
700 3318 778 3383 dicit,
795 3334 848 3373 nec
864 3319 990 3375 intestata

96 3401 180 3453 quam
199 3401 251 3438 nec
270 3386 330 3440 eine
348 3387 500 3444 intestatae
519 3390 667 3460 quiequam
688 3390 748 3444 iure
762 3390 846 3445 beree
865 3393 917 3446 eat.

35 3528 48 3575 1
128 3510 190 3588 Qui
218 3513 256 3575 de
281 3514 405 3598 virgine
428 3518 582 3599 capienda
605 3518 814 3602 scripserunt,
841 3540 979 3600 quornm

61 3602 246 3685 gentieeime
279 3603 406 3686 scripsit
433 3604 558 3669 Labeo
586 3605 781 3671 Antistius
813 3607 865 3689 (de
896 3610 990 3689 iare⁴

132 3793 326 3865 tereatiel’ill
337 3795 512 3867 apposuitrn
520 3803 553 3849 10
562 3797 714 3853 eburneola
725 3799 795 3871 Oion
804 3804 836 3853 lt
846 3816 903 3868 quo
912 3800 990 3855 illum

62 3870 96 3918 28
115 3881 148 3919 ac
167 3866 370 3935 cognominare
388 3883 456 3921 corr.
473 3868 571 3922 eamr
579 3869 589 3941 Η
599 3874 630 3923 81
650 3872 714 3936 sort.
730 3869 817 3944 eisstll
837 3872 990 3941 antiquieiu
