2392 4298
400 116 578 168 CAPlTl'LA
600 117 663 169 LIB.
685 119 705 174 l.
725 118 745 169 ll
1044 123 1063 181 {t

94 281 299 361 quaesitumque
324 280 404 342 inibi
430 282 601 360 curiosius,
631 303 784 363 quaenam
811 284 892 345 ratio
918 285 961 345 sit
984 306 1076 347 voca-

92 364 140 427 buli
159 368 352 432 indutiarum.

136 453 232 520 XXVI
259 456 361 533 Quem
391 459 426 520 in
453 457 586 521 modum
609 459 690 521 mihi
713 457 838 522 Taurus
861 459 1075 543 philosophus

84 544 257 627 responderit
279 548 492 630 percontanti,
517 569 556 609 an
580 548 707 629 sapiens
732 549 929 612 irasceretur.

245 762 485 835 carinum
512 763 643 836 niam
673 760 887 864 ssorum!

126 897 139 962 l
160 899 229 976 Quo
253 923 370 985 genere
392 901 507 965 solitus
526 904 568 966 sit
586 902 802 988 philosophus
821 901 969 968 Socrates
988 926 1074 967 exer-

78 1008 131 1051 rare
142 989 329 1072 patientiam
345 992 503 1075 eorporis;
518 991 621 1074 deque
630 992 773 1056 eiusdem
783 993 845 1055 viri
854 995 1073 1075 temperantia.

127 1076 154 1140 ll
181 1077 271 1154 Quae
294 1079 378 1143 ratio
402 1078 648 1163 observatioque
672 1082 854 1144 officiorum
874 1102 942 1145 esse
961 1081 1073 1144 debeat

76 1165 140 1230 inter
157 1173 266 1251 patres
285 1168 434 1250 filiosque
453 1169 488 1232 in
507 1168 736 1234 discumbendo
756 1169 959 1251 sedendoque
978 1175 1074 1252 atque

77 1254 97 1317 il
116 1277 210 1339 genus
232 1255 329 1321 rebus
353 1256 442 1321 domi
465 1258 618 1340 lorisque,
641 1259 669 1321 si
691 1257 751 1321 filii
770 1259 980 1344 magistratus
1000 1264 1074 1322 sunt

76 1347 97 1404 et
124 1352 225 1427 patres
258 1346 391 1430 privati3
428 1368 588 1430 superque
621 1368 658 1410 aa
690 1369 724 1410 re
756 1347 854 1411 Tauri
886 1346 1073 1431 philosophi

77 1429 234 1498 dissertatio
263 1439 296 1498 et
325 1436 507 1519 exemplum
537 1458 575 1499 ex
599 1434 734 1499 historia
758 1435 904 1500 Romana
927 1438 1072 1520 petitum.

125 1520 167 1586 lIl
208 1521 280 1598 Qua
315 1524 440 1587 ratione
476 1523 584 1587 verbis
619 1524 812 1608 quibusdam
844 1525 1073 1608 vocabulisque

78 1614 176 1674 uteres
199 1613 394 1677 immiserint
416 1611 437 1675 h
461 1612 589 1677 litterae
612 1614 771 1698 spiritum.

124 1697 166 1763 lv
203 1699 306 1776 Quam
336 1701 377 1765 ob
406 1723 537 1766 causam
562 1700 682 1766 Gavius
705 1701 825 1766 Bassus
849 1724 950 1788 genus
975 1702 1072 1784 quod-

79 1783 131 1850 dam
148 1788 257 1853 iudicii
278 1789 534 1854 ‘divinationem'
554 1791 710 1875 appellari
729 1792 904 1875 scripserit3
925 1796 956 1855 et
976 1813 1071 1874 quarn

79 1873 116 1938 alii
136 1899 261 1942 eausam
286 1899 355 1941 esse
378 1880 521 1943 eiusdem
544 1879 694 1943 vocabuli
717 1879 865 1943 dixerint.

124 1963 150 2027 V
181 1964 286 2042 Quam
315 1967 420 2051 lepide
448 1969 637 2053 signateque
661 1968 778 2031 dixerit
801 1966 979 2032 Favorinus
1003 1968 1071 2051 phi-

80 2048 220 2138 losophus,
249 2057 328 2140 quid
358 2058 485 2121 intersit
513 2059 597 2120 inter
625 2057 771 2121 Platonis
800 2062 831 2120 et
859 2057 975 2142 Lysiae
1004 2081 1072 2121 ora-

80 2142 180 2207 donem.

124 2230 163 2295 tl
200 2233 327 2310 Quibus
360 2234 466 2299 verbis
499 2237 659 2321 ignaviter
691 2241 722 2299 et
755 2236 878 2299 abiecte
907 2233 1072 2320 Vergilius

80 2337 135 2383 rsus
151 2346 217 2387 esse
238 2324 377 2407 dicatnr3
396 2328 429 2387 et
448 2326 525 2406 quid
544 2326 604 2406 his,
625 2326 679 2408 qui
700 2325 844 2409 improbe
864 2324 939 2406 <id>
954 2324 1072 2404 dicunt,

80 2412 290 2492 respondeatur.

126 2497 180 2563 Vll
208 2500 258 2564 De
283 2502 392 2564 officio
416 2524 492 2586 erga
514 2507 621 2585 patres
645 2501 834 2584 liberorum3
858 2503 959 2585 deque
983 2524 1072 2565 aare

82 2603 106 2645 01
120 2587 336 2673 philosophiae
355 2590 455 2671 libris,
476 2592 507 2654 iu
526 2591 641 2673 quibus
657 2592 810 2672 seriptum
828 2591 1072 2674 quaesitumque

83 2688 124 2757 est,
142 2701 178 2741 an
202 2679 354 2743 omnihus
378 2681 478 2762 patris
503 2680 599 2742 iussis
624 2679 864 2761 obsequendum
890 2681 940 2743 sit.

127 2762 200 2831 Vlll
238 2767 332 2844 Quod
369 2789 484 2851 parum
517 2789 618 2850 aequa
650 2768 854 2852 reprehensio
888 2767 1020 2851 Epicuri
1054 2791 1072 2828 a

83 2843 226 2921 llntarcho
250 2859 336 2920 facta
360 2857 402 2919 sit
427 2857 675 2942 in'synlogismi
699 2857 877 2941 disciplina.

128 2940 166 3007 lx
190 2944 283 3021 Quod
304 2944 387 3009 idem
402 2943 595 3009 Plutarchus
611 2947 750 3009 evidenti
766 2947 926 3010 calumnia
939 2944 1071 3007 verbum

84 3024 110 3087 tt
127 3029 258 3117 Epicuro
284 3035 406 3098 dictum
430 3036 606 3099 insectatus
631 3036 680 3098 sit.

129 3118 151 3184 ll
178 3123 262 3199 Quid
286 3125 352 3188 sint
375 3125 496 3188 favisae
520 3122 734 3207 Capitolinam
759 3122 890 3205 etquid
915 3144 1011 3204 super·
1035 3142 1072 3182 eo

85 3206 153 3274 verbo
174 3211 216 3277 hl.
235 3211 341 3277 Varro
367 3211 478 3277 Servio
504 3211 648 3296 Sulpicio
676 3213 841 3296 quaerenti
865 3210 1072 3293 rescripserit.

129 3296 166 3364 Xl
201 3301 250 3367 De
289 3301 411 3367 Sicinio
444 3300 585 3366 Dentato
620 3304 748 3387 egregio
782 3300 937 3363 bellatore
970 3298 1073 3361 multa

83 3397 228 3455 nenomtu
251 3391 360 3477 digna.

130 3474 183 3544 ΧΠ
212 3479 422 3546 Considerata
446 3502 664 3564 perpensaque
688 3478 740 3541 lex
765 3478 918 3559 quaedam
945 3473 1073 3540 Solonis
