2392 4298
472 1326 514 1398 A.
543 1325 704 1398 GELLII

53 1584 56 1589 ,
129 1491 288 1577 'HVM
321 1489 633 1577 ATTIOARVM
665 1493 832 1576 LIBER
865 1491 1132 1580 SECVNDVS

578 1800 595 1866 1

62 1920 131 1986 Quo
148 1936 260 1990 genere
279 1921 380 1976 solitus
393 1922 431 1975 sit
444 1922 628 1992 philosophus
642 1923 770 1978 Socrates
785 1940 912 1978 exercere
926 1924 1096 1993 patientiam

102 1994 250 2062 eorporis
271 1992 362 2062 daque
380 1993 506 2048 eiusdem
524 1995 577 2049 viri
595 1996 792 2064 temperantia.

136 2117 234 2184 Inter
265 2119 391 2183 labores
418 2123 618 2185 voluntarios
647 2128 678 2186 et
706 2124 856 2186 exercitia
884 2124 1027 2206 eorporis
1056 2124 1119 2187 adl

33 2210 229 2279 eternitas
252 2209 425 2292 patientiae
443 2211 528 2274 vines
547 2210 696 2274 firmandi
715 2212 747 2275 id
766 2233 895 2295 quoque
914 2214 1094 2294 accepimus

61 2296 264 2364 Socraten
295 2297 399 2362 facere
431 2300 618 2363 insuevisse:
652 2304 736 2363 stare
768 2301 882 2363 solitus
916 2298 1120 2364 Socratese

60 2388 193 2453 dieitur
219 2386 376 2470 pertinaci
399 2391 485 2451 statu
509 2388 637 2471 perdius
661 2393 758 2471 atque
780 2410 903 2472 pernox
926 2411 945 2451 a
968 2411 1093 2451 summo

59 2477 152 2542 lucia
181 2479 259 2538 ortu
282 2474 322 2537 ad
345 2475 445 2539 solem
470 2477 606 2540 alterum
631 2478 784 2540 orientem
810 2478 1008 2557 inconivens,
1037 2478 1095 2538 im·

60 2563 218 2642 mobilis,
240 2563 340 2626 isdem
365 2565 398 2626 in
421 2566 565 2649 vestigiis
589 2569 621 2628 et
645 2586 699 2628 ore
722 2571 818 2649 atque
838 2567 939 2629 oculis
958 2566 1094 2628 eundem

58 2654 97 2719 in
127 2653 245 2716 locum
273 2652 401 2716 directis
429 2653 664 2737 cogitabundus
692 2657 856 2736 tamquam
886 2655 1023 2736 quodam
1048 2675 1094 2715 se·

57 2763 162 2807 ceusu
190 2741 309 2803 mentis
333 2746 429 2823 atque
452 2743 551 2805 animi
574 2742 660 2805 facto
683 2763 861 2825 acorpore.
904 2742 1006 2817 Quam
1026 2758 1120 2804 rems

10 2882 14 2903 ,
57 2853 140 2895 cum
168 2826 387 2892 Favorinus
415 2829 453 2893 de
480 2830 670 2893 fortitudine
698 2832 766 2894 eius
794 2832 854 2893 viri
882 2836 919 2893 ut
943 2831 1094 2913 pleraque

10 2910 15 2957 ·'
57 2920 236 2984 disserens
270 2917 430 3000 attigisset
459 2918 514 3000 (fr.
538 2923 580 2982 66
599 2918 699 3002 Ma.):
731 2919 890 2993 πολλάκις
923 2920 1028 2999 inquit
1061 2916 1092 2993 ἐξ

10 2968 15 3091 i
59 3008 171 3092 ἡλίου
202 3005 250 3079 εἰς
274 3004 369 3084 ἥλιον
393 3007 534 3088 essetne
558 3006 817 3090 ἀστραβέστερος
840 3018 906 3070 τῶν
929 3004 1093 3089 πρέμνων.

10 3100 43 3177 ’μ
132 3094 370 3177 Temperantia
392 3115 520 3177 quoque
542 3095 642 3160 fuisse
663 3117 735 3159 eum
755 3099 846 3159 tenta
863 3096 1016 3158 traditum
1037 3099 1120 3176 est‚4

10 3188 15 3247 i
57 3191 100 3250 ut
130 3183 250 3247 omnia
276 3182 341 3245 fere
363 3184 448 3246 vitae
472 3204 547 3247 suae
569 3188 716 3267 tempora
739 3183 914 3247 valitudine
937 3184 1095 3246 inoffensa

10 3258 18 3375 ξ
56 3274 196 3339 vixerit.
246 3268 286 3333 In
309 3271 396 3334 illius
419 3273 517 3335 etiam
540 3272 742 3355 pestilentiae
765 3273 927 3353 vastitate,
955 3293 1037 3353 quae
1061 3272 1120 3335 ins

60 3398 290 3409 ...κ--..ῃ-

10 3424 19 3519 i
137 3472 232 3530 esqq.
258 3461 859 3531 Platosymp.c.3p.1740q.;3spiaao
975 3462 1091 3530 7Apul.

10 3538 13 3565 '
60 3554 97 3589 sn.
109 3535 161 3587 Vs
170 3535 267 3587 Amm.
277 3532 422 3598 xmae
433 3532 536 3600 Symm.
545 3533 557 3585 I
566 3538 608 3598 53,
619 3541 631 3587 1
643 3533 725 3587 Mart.
734 3533 892 3602 sanuses
975 3540 990 3584 8
1001 3534 1091 3584 Amin.

61 3606 202 3663 mlle.
221 3611 254 3657 12
365 3603 1092 3674 1ssqq.Diog.L.usses)Aelisn.h.v.xfflss

10 3688 14 3757 ξ
63 3674 315 3737 summes

65 3786 288 3798 --------

67 3926 106 3981 κ
137 3861 155 3908 3
185 3851 430 3924 temperantia]s
456 3852 602 3921 pacientia
620 3872 641 3904 ω
669 3851 844 3921 parcimonia
866 3851 913 3906 Gr.
928 3854 968 3919 {18
992 3851 1094 3905 iterum

102 3943 182 3981 arm
