2392 4298
46 498 50 603 l
395 541 576 598 ommuni
595 501 660 600 nis.
679 545 713 603 n.
731 547 770 600 111
1051 551 1089 614 11

46 720 50 757 :·
94 701 173 786 sopbi
189 702 225 768 de
242 701 412 791 generibus
428 706 574 772 colorum
590 708 818 794 vocabulisque
832 733 944 776 eorum
959 709 1088 777 Graecis

46 824 50 831 ·
91 796 123 854 et
138 791 261 873 latinis3
283 799 380 880 atque
403 794 485 860 inibi
508 796 599 862 color
622 797 757 881 ‘spadix’
782 800 963 865 cuiusmodi
986 803 1037 865 sit.

46 878 53 927 ι’
144 880 257 946 XXVII
281 883 367 960 Quid
381 881 416 948 Τ.
432 882 605 950 Castricius
622 888 815 952 existimarit
829 909 926 972 super
940 886 1086 954 Sallustii

46 980 57 1089 p
92 969 183 1072 vorbis¹
208 971 515 1126 epltlgengoptthems,
551 974 668 1058 quibus
700 977 782 1040 alter
813 976 1002 1061 Philippum
1036 979 1086 1043 dc-

46 1092 56 1115 u
93 1079 142 1122 Um
174 1083 185 1124 l
295 1085 312 1126 r
360 1085 377 1126 θ
409 1084 523 1128 onum.

140 1064 272 1215 XXXIII
295 1149 372 1216 Non
391 1173 461 1216 esse
479 1156 691 1237 compertum,
709 1155 761 1218 cui
780 1154 839 1220 deo
858 1177 925 1218 rem
941 1155 1083 1220 divinam

46 1246 50 1329 i
91 1235 144 1300 ieri
164 1243 318 1322 oporteat,
342 1261 416 1304 cum
439 1245 525 1305 terra
547 1247 664 1306 movet.

93 1412 98 1423 ·
138 1325 238 1392 XXIX
275 1327 446 1415 Apologus
478 1328 600 1414 Aesopi
631 1331 772 1417 Phrygis
805 1335 984 1397 memoratu
1016 1355 1083 1397 non

90 1417 221 1570 mutXXX
253 1505 341 1583 Quid
372 1507 577 1573 observatum
611 1509 653 1573 sit
684 1509 718 1573 in
745 1508 904 1574 undarum
933 1510 1086 1592 motibus,

89 1611 150 1674 quae
168 1597 201 1659 in
224 1597 308 1659 mari
331 1594 396 1661 alio
420 1601 516 1682 atque
539 1595 604 1661 alio
625 1597 721 1663 modo
741 1598 825 1662 fiunt
843 1599 960 1662 austris
980 1598 1084 1662 flanti-

92 1677 134 1745 bus
151 1683 426 1769 aquilonibusque.

278 1899 517 1975 CAPITVLA
546 1902 677 1976 LIBRI
704 1901 869 1976 unuin

138 2035 149 2100 l
177 2038 366 2114 Quaesitum
399 2046 494 2125 atque
528 2047 712 2122 mactatum,
746 2064 843 2125 quam
877 2043 922 2105 ob=
950 2063 1078 2106 causam

91 2120 234 2192 Sallustius
258 2131 427 2194 avaritiam
448 2130 565 2195 dixerit
583 2152 649 2194 non
668 2131 812 2195 animum
831 2132 927 2195 modo
950 2131 1081 2208 virilem,

93 2215 132 2276 sed
150 2237 261 2300 corpus
285 2240 413 2303 quoque
436 2220 542 2302 ipsum
565 2220 757 2284 effeminare.

136 2302 162 2368 ll
184 2305 362 2381 Quemnam
382 2330 451 2372 essa
469 2310 609 2372 natalem
630 2309 713 2373 diem
731 2308 774 2372 M.
789 2307 892 2373 Varro
911 2309 1006 2390 dicat,
1025 2311 1080 2392 qui

89 2396 143 2455 ute
161 2397 262 2460 noctis
287 2395 399 2460 horem
421 2402 543 2461 sextam
562 2403 675 2480 postve
695 2420 765 2461 eam
783 2398 852 2461 nati
872 2402 962 2481 sunt;
986 2403 1081 2481 atque

91 2477 148 2544 inibi
175 2484 212 2547 de
245 2486 446 2568 temporibus
473 2487 684 2570 terminisque
712 2487 848 2566 dierum,
882 2488 938 2571 qui
970 2487 1080 2551 civiles

90 2572 269 2637 nominantur
288 2578 320 2636 et
339 2595 568 2659 usquequaque
586 2578 732 2660 gentimn
752 2577 838 2639 varie
857 2576 1081 2658 observantur3

90 2660 276 2740 epicurea
296 2663 374 2746 quid
388 2663 424 2740 Q.
440 2663 566 2728 Mucius
585 2665 749 2748 scripserit
768 2687 865 2748 super
883 2686 920 2728 oa
939 2665 1081 2746 muliere,

91 2763 150 2825 quse
169 2773 187 2813 a
206 2753 323 2815 marito
343 2774 409 2816 non
427 2754 495 2816 iure
515 2775 549 2817 se
567 2755 795 2837 usurpavisset,
819 2754 904 2836 quod
923 2755 1081 2817 rationem

92 2833 170 2902 ciuilis
191 2842 266 2904 anni
288 2863 356 2904 non
378 2840 535 2906 habuerit.

46 2959 48 2963 v
137 2923 177 2990 lll
204 2927 253 2992 De
281 2930 449 2995 noscendis
474 2931 741 3016 explorandisque
765 2931 873 3013 Plauti
896 2930 1081 3012 comoediis,

92 3017 214 3090 quoniam
243 3020 402 3101 promisce
431 3041 524 3083 verae
547 3025 643 3104 atque
667 3021 767 3085 falsae
789 3021 919 3084 nomine
942 3021 1010 3083 eius
1035 3021 1081 3082 in-

46 3126 49 3161 1
93 3103 199 3194 {triplae
216 3107 378 3189 feruntu13
401 3113 496 3192 atque
515 3108 606 3190 inibi,
630 3109 717 3192 quod
735 3109 869 3173 Plautus
888 3113 921 3171 et
938 3107 1080 3173 Naevius

96 3205 245 3259 ¹nuucere
267 3196 395 3261 fabulas
418 3199 639 3282 scriptitarint.

46 3326 47 3335 η
138 3278 176 3344 lv
202 3282 296 3360 Quod
319 3284 354 3349 P.
374 3283 527 3351 Africano
556 3292 588 3351 et
616 3287 689 3351 aliis
713 3291 791 3351 tunc
813 3286 892 3350 viris
915 3285 1079 3349 nobilibus

95 3370 144 3431 ute
169 3377 305 3437 aetatem
336 3379 496 3439 senectam
524 3376 657 3440 barbam
686 3380 718 3439 et
746 3398 844 3462 genas
871 3375 981 3438 radere
1010 3396 1080 3437 mos

96 3459 186 3531 uuus
208 3463 280 3526 fuit.

140 3544 163 3606 V
186 3549 383 3616 Deliciarum
405 3553 521 3617 vitium
545 3556 579 3617 et
601 3553 754 3617 mollities
776 3552 942 3617 oculorum
960 3555 993 3614 et
1012 3572 1078 3614 cor-

96 3636 156 3729 poris
171 3640 209 3703 ab
228 3638 376 3705 Arcesila
393 3641 587 3725 philosopho
607 3643 732 3707 cuidam
752 3642 948 3725 obprobrata
967 3639 1080 3704 acerbe

95 3725 214 3794 surlet
236 3730 405 3794 festiviter.

137 3813 174 3882 Vl
196 3818 244 3883 De
262 3819 296 3883 vi
315 3823 413 3903 atque
429 3823 545 3883 natura
559 3819 684 3904 palmae
699 3821 833 3901 arboris,
852 3818 938 3902 quod
953 3817 1080 3902 lignum

93 3915 117 3960 ‘1
133 3926 163 3968 ea
181 3907 380 3992 ponderibus
404 3908 520 3991 positis
542 3909 708 3972 renitetur.
