2392 4298
146 115 188 171 {uz
629 109 643 161 Ι
662 114 677 161 'l

145 296 274 338 renem
303 274 495 338 futurum?
524 274 606 336 sicut
634 273 667 335 in
691 271 810 335 Graeca
834 272 979 335 oratione
1003 271 1070 333 sine
1157 299 1180 326 ε

145 365 217 427 vitii
255 364 436 446 suspicione
471 362 619 425 omnibus
652 363 792 425 numeris
825 361 1060 445 generibusque
1091 361 1182 422 sine

147 452 329 516 discrimine
352 451 539 515 tribuuntur
560 448 781 514 huiuscemodi
804 450 915 513 verba:
941 448 1044 532 ἐρεῖν,
1066 448 1167 529 ποιῆ-

120 557 233 621 θσειν,
263 544 398 605 ἔσεσθαι
427 545 459 604 et
486 540 622 604 similia?
673 537 715 602 ln
744 537 880 602 Claudi
907 558 1037 620 quoque
1064 534 1162 613 Qua·

148 630 309 713 drigarii
342 630 460 693 tertio
487 630 617 692 annali
642 627 697 709 (fr.
716 632 760 692 43
778 627 833 709 Ρ.)
860 627 958 691 verba
986 627 1065 690 haec
1089 644 1152 689 essa

148 720 242 782 dixit:
271 717 286 781 l
314 717 399 781 dum
426 718 733 799 conciderentur,
760 714 928 780 hostium
952 716 1083 798 copias
1102 712 1149 777 ibi

149 811 356 890 occupatas
392 807 578 888 futurum3
614 807 652 870 in
687 805 998 869 duodevicesimo
1032 800 1146 868 annali

149 896 291 961 eiusdem
315 894 561 980 Quadrigarii
584 895 638 978 (fr.
659 900 702 959 79
721 894 775 977 Ρ)
801 894 996 978 principium
1017 893 1091 957 libri
1109 890 1144 955 ris

149 986 317 1068 scriptum:
349 982 388 1048 Si
416 1007 483 1067 pro
512 989 577 1047 tua
604 984 779 1048 bonitate
807 988 844 1047 et
869 988 1003 1047 nostra
1029 983 1142 1045 voluu-

149 1079 229 1138 tate
254 1074 328 1137 tibi
351 1072 526 1137 valitudo
549 1073 737 1157 subpetit,
764 1070 944 1154 estquod
967 1086 1142 1154 speremus
1175 1121 1176 1124 ,

106 1165 238 1228 lodeos
267 1163 378 1226 bonis
406 1163 499 1226 bene
527 1160 733 1245 facturum3
759 1162 837 1225 item
861 1162 895 1224 in
917 1158 1065 1224 Valerii
1085 1156 1141 1222 An·

150 1253 260 1317 tiatis
278 1252 381 1315 libro
400 1256 537 1333 quarto
555 1251 738 1314 vicesimo
752 1252 808 1333 (fr.
822 1254 864 1314 59
879 1248 934 1333 P.)
949 1250 1048 1313 simili
1064 1244 1141 1311 modo

151 1343 305 1423 scriptum
326 1362 407 1404 esse:
432 1338 470 1403 Si
495 1362 559 1403 eae
582 1361 641 1403 res
664 1338 817 1403 divinae
839 1339 966 1403 factae
984 1342 1142 1417 recteque

151 1430 359 1513 perlitatae
392 1435 533 1511 essent,
570 1427 794 1511 haruspices
827 1427 1009 1492 dixerunt
1039 1422 1142 1491 omnis

108 1536 196 1583 11ex
226 1519 419 1582 sententia
446 1538 712 1600 processurum
737 1538 825 1581 esse.
872 1514 1045 1581 ‘Plautus
1065 1514 1142 1579 etiam

151 1608 185 1669 in
211 1605 348 1670 Casina
370 1607 411 1689 (v.
431 1608 522 1689 691),
549 1627 622 1670 cum
648 1606 687 1670 de
710 1607 818 1689 puella
839 1606 1039 1687 loqueretur,
1064 1600 1144 1668 occi·

152 1717 278 1758 surum
304 1695 399 1777 dixit,
422 1717 487 1759 non
511 1695 721 1777 ‘occisuram’,
743 1695 794 1759 his
816 1694 937 1759 verbis:

261 1785 426 1848 etiamne
448 1784 565 1848 habet
588 1782 725 1847 Casina
747 1782 940 1868 gladium?
961 1818 1007 1829 -

198 1871 326 1955 habet,
353 1872 418 1936 sed
446 1873 547 1937 dude.
576 1910 617 1918 -
646 1874 736 1954 quid
764 1873 880 1936 duda?
909 1908 948 1919 -
978 1870 1097 1936 alterd
1119 1870 1149 1929 a

198 1960 413 2026 occisurum
437 1960 506 2044 ait,
529 1962 654 2025 alterd
677 1962 844 2026 vilicum.

109 2066 142 2115 12
153 2048 234 2114 Item
259 2050 444 2114 Laberius
467 2052 502 2114 in
525 2049 708 2115 Gemellis
731 2049 772 2131 (v.
786 2052 827 2115 51
841 2046 923 2133 R.⁸):

197 2141 272 2203 n6n
295 2141 442 2222 putavi,
465 2140 586 2222 inquit,
608 2140 680 2204 hoc
703 2141 782 2203 eam
805 2139 1006 2204 facturum.

109 2226 230 2293 13Non
255 2229 409 2313 arguisti
433 2250 557 2311 omnes,
584 2229 793 2293 soloecismus
815 2228 894 2311 quid
916 2229 1015 2311 esset,
1040 2226 1156 2311 ignom·

153 2322 243 2399 runt,
268 2318 322 2381 sed
347 2322 379 2381 et
403 2315 595 2382 Gracchus
618 2316 809 2382 dicturum
832 2321 865 2381 et
889 2312 1159 2401 Quadrigarius
1184 2366 1189 2371 .

154 2408 325 2471 futurum
354 2412 387 2471 et
412 2407 604 2471 facturum
628 2412 660 2471 et
682 2404 819 2471 Antias
842 2422 1108 2489 processurum
1126 2396 1162 2463 st

154 2495 315 2560 Plautus
346 2497 561 2560 occisurum
589 2499 621 2558 et
648 2486 834 2559 Labbrius
860 2494 1052 2559 facturum
1078 2486 1161 2555 inde·

111 2600 145 2649 14
155 2584 248 2648 finito
279 2585 376 2648 modo
404 2584 567 2667 dixerunt,
598 2585 655 2667 qui
682 2584 797 2647 modus
824 2604 928 2666 neque
955 2582 989 2646 in
1016 2590 1164 2645 numero!

155 2694 259 2755 neque
284 2673 319 2736 in
341 2694 493 2756 personas
515 2694 619 2755 neque
642 2674 676 2736 in
698 2677 846 2756 tempora
866 2693 972 2755 neque
993 2670 1030 2734 in
1050 2680 1164 2755 geum

156 2761 353 2843 distrahitur,
371 2762 426 2825 sed
445 2763 553 2825 omnia
571 2763 669 2825 istaec
687 2784 753 2825 una
766 2762 941 2844 eademque
954 2758 1166 2825 deomedum

112 2848 394 2932 recomplectitur,
426 2852 520 2916 sicuti
551 2850 593 2915 Μ.
619 2848 752 2915 Cicero
785 2851 955 2914 futurum
988 2848 1072 2913 dixit
1100 2860 1167 2909 non

157 2939 243 3002 virili
274 2959 390 3022 genere
422 2962 525 3023 neque
556 2944 685 3021 neutro,
717 2940 924 3004 soloecismus
956 2938 1043 3002 enim
1072 2936 1164 3021 plme

155 3028 250 3179 fgretl,
272 3026 327 3179 {gd
350 3026 448 3091 verbo
471 3051 548 3092 usus
572 3033 620 3093 est
639 3029 681 3093 ab
701 3030 788 3093 omni
806 3028 996 3093 necessitate
1014 3042 1160 3112 generum

157 3137 177 3179 a
201 3136 236 3179 so
250 3138 272 3178 u
309 3166 315 3178 .

230 3277 245 3324 3
264 3271 339 3342 trib]
361 3276 384 3324 Δ
402 3271 593 3326 attribuuntur
607 3296 628 3328 ω
642 3277 682 3341 1Ιό
701 3273 846 3345 αηιιαΙίμ
864 3270 962 3327 annali
980 3270 1055 3327 libro
1067 3292 1090 3327 o
1107 3266 1165 3341 (1))

158 3342 336 3396 61DVMIA
356 3344 422 3396 dum
442 3343 482 3395 bii
501 3364 523 3397 ω
537 3348 547 3409 ΙΙ
562 3351 594 3398 13
617 3345 727 3415 riteque
746 3348 834 3414 §tlt
853 3342 1081 3399 sedetiamnaln
1095 3354 1166 3397 nans

158 3415 252 3469 Praei.
266 3417 276 3483 ΙΙ
291 3420 323 3467 19
347 3414 415 3482 quid
440 3414 509 3468 duos
528 3417 621 3471 Pluut.
645 3416 747 3484 quibus
770 3420 863 3485 01122
886 3432 951 3470 eum
969 3418 1013 3485 Pl!
1026 3420 1062 3469 80
1084 3414 1135 3487 lt]
1150 3426 1189 3473 fl·

158 3502 256 3539 mauro
276 3507 297 3539 ω
