2144 4328
136 522 157 586 4
540 521 745 581 Possessio

133 687 178 752 ris
201 691 259 769 est,
280 687 361 772 quin
383 686 418 753 id
437 690 547 756 temsn
563 688 776 774 complusculi
793 686 921 754 mot?
942 691 986 755 et.

133 775 287 842 blandum
309 779 360 842 est
381 798 449 843 non
470 799 539 845 esse
561 776 642 844 haee
663 799 768 862 neque
789 778 824 842 in
845 776 968 843 scholis

91 881 238 949 16neque
260 865 296 930 in
317 867 556 933 commentariis
577 866 723 951 protritus
763 864 853 944 Quae
870 887 970 951 porro

134 954 310 1041 ignotaque
333 954 533 1040 offenderint,
554 976 695 1040 aequum
717 976 787 1021 esse
808 959 900 1040 puto,
922 959 959 1021 ut
1003 1026 1008 1039 ‚

134 1043 316 1108 obtrectatu
338 1044 554 1128 considerent,
581 1064 625 1109 an
646 1045 791 1111 minutse
811 1044 894 1110 istae
916 1044 1008 1137 »ὀπὴ

133 1134 166 1196 et
193 1131 390 1215 pauxillulae
416 1154 621 1218 nequaqnam
643 1137 754 1200 tamen
775 1133 841 1199 siut
863 1133 916 1199 vel
938 1132 982 1199 ed
995 1136 1008 1209 1

133 1221 276 1285 studium
303 1242 414 1287 vescae
431 1223 489 1302 ,vel
511 1223 553 1290 ad
575 1220 802 1289 oblectandum
824 1222 1008 1291 fovendum

134 1331 223 1374 mum
244 1309 389 1396 frigidae,
412 1311 469 1376 sed
486 1311 555 1376 eius
573 1311 705 1377 seminis
724 1311 914 1397 generisque
931 1311 1008 1397 sinii

133 1399 227 1463 focile
256 1397 441 1466 adolescant
467 1404 525 1465 snt
551 1400 681 1487 ingenia
708 1399 877 1466 hominum
904 1398 1008 1487 vegeti

133 1488 288 1552 memoria
310 1487 569 1554 adminiculatior
590 1493 648 1554 sut
668 1489 773 1554 oratio
791 1487 1008 1555 sollertiores

134 1577 351 1661 incorruptior
368 1581 426 1643 sut
443 1576 616 1644 delectatio
634 1578 671 1643 in
687 1579 755 1644 otio
774 1581 872 1663 atquo
889 1578 926 1642 in
942 1576 1008 1645 luds

91 1663 204 1732 1⁷lior.
251 1663 339 1742 Quae
361 1670 470 1733 sutem
493 1689 608 1752 parum
630 1665 728 1751 plana
750 1666 945 1733 videbuntur
965 1688 1008 1731 au

134 1755 229 1839 plena
247 1756 477 1839 instructaque,
494 1756 644 1839 petimus,
661 1755 804 1839 inquam,
821 1758 859 1821 ut
877 1776 915 1821 es
932 1776 1000 1821 non

134 1845 237 1929 magis
269 1864 367 1926 quam
399 1844 592 1910 admonendi
624 1845 729 1930 gratia
759 1845 880 1929 scripta
908 1844 1008 1910 existi

134 1933 226 2015 qussi
245 1933 517 1999 demonstratione
535 1933 745 2019 vestigiorum
762 1933 907 1999 contenti
920 1954 1008 2017 perse

134 2043 171 2084 ea
202 2025 290 2105 post,
322 2023 350 2086 si
382 2020 510 2102 libebit,
542 2023 594 2087 vol
620 2022 712 2086 libris
740 2022 874 2106 repertis
902 2023 955 2086 vel
981 2045 1008 2088 m

92 2126 124 2174 18
135 2108 223 2186 Quae
246 2132 322 2175 vero
345 2113 529 2194 putaverint
552 2110 821 2195 reprehendenda,
846 2111 906 2191 his,
930 2112 957 2175 si
981 2134 1008 2175 et

135 2204 354 2283 succenseant,
382 2202 467 2266 unde
494 2223 532 2264 ea
558 2221 618 2265 nos
646 2201 841 2284 occepimus3
868 2201 924 2265 sed
948 2200 1008 2265 eni]

134 2288 228 2352 eliber
255 2289 340 2371 apud
367 2289 466 2353 alium
496 2291 616 2372 scripta
642 2290 794 2375 legerint,
821 2311 863 2353 ne
886 2290 952 2354 iam
975 2293 1008 2354 st

134 2398 221 2442 mere
244 2377 440 2461 obstrepent,
463 2379 518 2443 sed
542 2383 574 2442 et
597 2379 738 2443 rationes
760 2400 867 2443 rerum
891 2383 923 2442 et
946 2399 1008 2443 auc

134 2464 304 2530 hominum
323 2468 493 2550 pensitent,
512 2489 594 2551 quos
612 2468 662 2531 illi
681 2487 826 2550 quosque
844 2489 904 2531 nos
918 2471 1008 2532 secut

92 2552 136 2642 191
202 2554 274 2619 Erit
297 2559 405 2620 eutem
426 2557 460 2620 id
477 2558 574 2642 louge
593 2557 763 2640 optimum,
786 2556 899 2639 utqui
917 2557 950 2619 iu
970 2557 1008 2620 le

135 2646 362 2728 percontando,
385 2643 562 2727 scribendo,
581 2645 827 2710 commentando
846 2666 1008 2727 numquam

135 2736 230 2815 tates,
262 2756 439 2817 numquam
470 2734 596 2798 labores
629 2738 798 2817 ceperunt,
829 2734 934 2797 nullas
963 2733 1006 2798 ho

135 2823 263 2908 vigilias
300 2824 475 2909 vigilarunt
510 2844 615 2906 neque
646 2823 722 2887 ullis
754 2823 839 2886 inter
870 2822 1008 2887 eiusdem

136 2913 279 2976 aemulos
303 2911 533 2976 certationibus
556 2910 908 2995 disceptationibusque
929 2912 1008 2976 elim:

137 3001 192 3064 sed
219 3001 481 3083 intemperiarum
508 3001 778 3087 negotiorumque
806 3001 894 3085 pleni
922 3005 1008 3082 sunt,

136 3110 155 3151 e
184 3088 364 3154 noctibus
393 3088 444 3153 his
471 3091 585 3173 procul
612 3093 710 3172 atque
737 3090 800 3153 alia
828 3089 890 3154 sibi
919 3089 1008 3155 oblec

138 3181 300 3259 quaerant.
346 3175 449 3243 Vetus
472 3179 622 3265 adagium
646 3183 696 3243 est
718 3178 762 3261 (p.
777 3182 818 3242 56
831 3178 900 3260 B‚):

201 3287 354 3295 ----—--

209 3339 294 3404 9sqq.
310 3334 395 3389 Mscr.
410 3334 423 3388 1
437 3334 524 3404 praef.
541 3343 573 3391 11
648 3341 681 3389 29
692 3353 752 3404 sqq.
768 3335 816 3389 cfr.
831 3334 909 3407 osto,
922 3334 1008 3406 Spricl

210 3555 224 3601 1
246 3565 332 3616 quam
374 3547 477 3602 luscnli
499 3551 574 3618 3112
598 3535 755 3604 Ιαηὼιηιί
779 3549 852 3603 unde
874 3548 1008 3602 lendum,

141 3619 189 3673 Gr.
208 3635 224 3674 e
243 3640 264 3674 ω
278 3621 317 3688 117
337 3566 535 3674 ollecisndum
553 3625 573 3673 1³
592 3621 781 3674 oblenandum
797 3625 820 3672 B
839 3623 892 3689 110
911 3621 1008 3693 oratio

137 3689 210 3744 ratio
225 3696 248 3743 B
261 3693 270 3760 11
286 3696 317 3744 11
333 3689 501 3745 delectatior
519 3712 540 3744 ω
559 3708 627 3745 corr.
645 3692 692 3746 Gr.
707 3694 717 3761 11
733 3698 764 3746 18
784 3692 829 3757 <si
865 3707 939 3758 quae
953 3691 999 3746 St.

138 3761 174 3812 13¹
210 3764 334 3830 tempere
357 3764 448 3832 (pore
466 3765 499 3830 Β)
523 3782 544 3816 ω
567 3778 635 3817 corr.
657 3763 754 3818 Oorrs'o
767 3766 778 3834 11
792 3769 825 3818 23
848 3765 1008 3831 percontari

197 3875 203 3886 .
225 3833 273 3887 Gr.
296 3851 310 3888 c
333 3835 382 3889 lin.
401 3837 449 3900 26,
475 3832 525 3887 obi
546 3832 662 3886 lsbesnt
684 3833 874 3903 percontando
899 3833 1009 3889 scriben

140 3907 173 3956 26
193 3906 259 3958 sunt
276 3904 328 3959 del.
346 3905 395 3961 Gr.
409 3907 419 3975 11
433 3909 466 3957 2⁷
486 3904 529 3958 od.
544 3909 578 3957 28
