2144 4328
56 578 100 642 42
543 576 591 630 Η

53 746 175 827 gatam,
212 740 436 823 quodcumque
472 759 591 804 nomeu
622 736 775 803 Latinum
811 736 909 803 rudes
940 752 1013 803 οη

52 834 194 916 agrestes
218 828 423 912 praedicabat
440 832 537 911 atque
555 826 677 892 interea
695 826 863 891 vocabulis
880 826 962 891 baut
987 845 992 874 ›·
1014 837 1015 840 ’

53 919 205 1004 cognitis,
244 916 508 1003 syllogismorum
543 915 795 1000 captionumque
832 912 973 981 dialecti
995 929 1011 966 ·ῖ

52 1008 176 1090 laqueis
207 1006 369 1091 strepebat
395 1004 656 1091 κυριεύοντας
683 1008 717 1069 et
743 1000 1013 1089 ἡσυχάζοντι

53 1099 240 1179 copricae
267 1095 412 1177 aliosque
439 1092 474 1158 id
501 1114 603 1179 genus
630 1091 765 1178 griphos
790 1091 953 1158 neminem

53 1184 161 1249 dicens
184 1184 246 1247 nisi
270 1205 304 1249 se
327 1183 509 1247 dissolvero.
550 1180 631 1247 Rem
653 1200 730 1246 vero
751 1180 892 1245 ethicam
920 1211 1015 1252 ruo,

53 1294 115 1356 que
152 1272 284 1335 humani
320 1270 442 1357 ingenii
473 1270 694 1353 virtutumque
725 1268 868 1355 origines
899 1285 947 1333 oe
964 1301 984 1322 »Α

52 1382 162 1425 earum
190 1365 222 1425 et
249 1360 389 1425 confinia
416 1364 473 1425 aut
499 1363 611 1425 contra
637 1358 826 1423 morborum
853 1356 934 1423 uitio
1018 1443 1019 1446 Ἴ

51 1449 179 1513 fraudes
216 1450 461 1531 animorumque
496 1448 600 1529 labes,
636 1446 838 1531 pestilentias
868 1468 940 1511 asse
1018 1449 1021 1514 ζ

52 1538 135 1602 nulli
167 1559 235 1601 esse
267 1537 326 1602 ulli
358 1536 462 1624 magis
494 1558 532 1601 ea
559 1536 668 1601 omnia
694 1536 875 1619 explorata,
906 1554 988 1601 com
1004 1579 1022 1586 η-

27 1626 278 1709 omeditataque.
321 1623 523 1690 Cruciatibus
545 1630 654 1689 autem
677 1623 907 1708 doloribusque
952 1655 957 1678 ·

53 1721 86 1779 et
114 1714 264 1798 periculis
292 1718 428 1779 mortem
457 1713 683 1779 minitantibus
710 1712 859 1777 habitum
886 1716 937 1777 sta

53 1802 137 1867 vitae
170 1804 292 1886 beatae,
325 1824 421 1885 quem
449 1824 483 1867 se
510 1824 579 1868 esse
606 1802 759 1885 adeptum
786 1800 935 1886 putabat,
1009 1833 1019 1846 ¹*

51 1892 135 1955 laedi
160 1913 263 1973 neque
287 1891 425 1955 inminui
447 1890 654 1956 existimabat
675 1910 714 1955 ao
736 1911 778 1955 ne
800 1888 866 1955 oris
889 1893 1033 1973 quoqus'

53 1982 161 2043 vultus
189 1980 391 2045 serenitatem
420 1979 513 2044 stoici
540 1978 682 2044 hominis
709 1999 864 2061 umquam
887 1978 954 2042 ulla
984 2009 1004 2030 ιι

52 2068 253 2154 aegritudine
277 2068 468 2132 obnubilari.
1032 2116 1036 2125 .

26 2174 43 2223 o
121 2156 187 2220 Has
215 2157 270 2220 ille
298 2158 408 2221 inanes
436 2157 555 2243 glorias
584 2176 657 2220 cum
685 2154 777 2219 flaret
805 2156 934 2238 iamque
959 2176 1018 2219 our

52 2246 149 2309 finem
174 2251 327 2328 cuperent
348 2246 518 2328 verbisque
536 2245 605 2309 eins
624 2242 791 2329 defetigati
809 2242 954 2327 pertaed
980 2272 989 2282 „

52 2337 121 2397 tum
145 2332 316 2398 Herodes
341 2331 474 2415 Graeca,
501 2335 549 2397 uti
574 2333 732 2416 plurimus
755 2332 784 2396 ei
808 2353 880 2396 mos
901 2332 977 2417 fuit,
1005 2361 1028 2382 υ

52 2422 140 2486 tione
168 2427 261 2486 utens
290 2422 478 2505 ‘permitte,'
506 2422 613 2505 iuquit
638 2421 920 2505 ‘philosophorum
942 2414 1030 2484 arrr'·=

52 2510 141 2593 sime,
165 2512 318 2593 quoniam
342 2511 533 2593 respondere
557 2532 615 2574 nos
637 2509 708 2593 tibi,
731 2530 813 2593 quos
832 2530 929 2575 rocus
946 2508 1042 2576 alre.

51 2620 117 2663 non
149 2598 292 2681 quimus,
324 2600 451 2662 recitari
479 2621 518 2662 ex
546 2600 643 2680 libro,
676 2598 754 2681 quid
782 2598 821 2662 de
847 2596 1020 2663 huiuscem
1045 2657 1048 2662 ,,

52 2688 329 2773 magniloquentia
358 2693 461 2751 vestra
490 2687 624 2752 senserit
650 2686 830 2770 dixeritque
852 2684 1019 2771 Epictct

37 2773 235 2840 -Stoicorum
264 2776 448 2857 maximus‚’
479 2777 636 2858 iussitque
664 2774 800 2859 proferri
828 2770 1045 2841 dissertsti

51 2886 138 2928 num
166 2864 339 2948 Epicteti
372 2865 607 2950 digestarum
639 2863 684 2927 ab
714 2863 879 2928 Arriano
909 2863 1047 2948 primu

51 2954 206 3034 librum,
230 2954 264 3015 iu
287 2975 352 3036 quo
376 2954 431 3017 ille
455 2953 652 3017 venerandus
676 2974 774 3017 senex
796 2952 940 3035 iuvenes,
960 2948 1039 3037 qui,

52 3038 178 3104 Stoicos
201 3042 417 3123 appellabant,
440 3062 545 3124 neque
563 3041 666 3126 frugis
686 3062 789 3124 neque
809 3061 926 3125 operae
943 3060 1012 3127 pro
1041 3042 1050 3078 ³

52 3128 108 3192 sed
139 3128 346 3193 theorematis
379 3133 505 3193 tantum
538 3129 711 3215 nugalibus
744 3133 777 3194 et
808 3130 981 3213 puerilium
1010 3126 1017 3141 '
1055 3181 1057 3184 -

52 3237 208 3301 gogarum
237 3218 561 3282 commentationibus
590 3214 1024 3305 deblaterantesobiurgati

53 3305 137 3367 iusta
160 3304 321 3368 incessuit.
1054 3313 1062 3366 ’.

26 3409 41 3457 s
118 3391 216 3456 Lecta
243 3392 343 3477 igitur
371 3400 446 3458 sunt
476 3417 515 3458 ex
543 3394 642 3475 libro,
675 3394 731 3477 qui
759 3395 907 3478 prolatus
933 3396 993 3477 est,
1020 3406 1064 3471 ἧς

52 3502 134 3564 quae
161 3481 282 3561 addidi3
315 3482 432 3563 quibus
466 3484 570 3547 verbis
598 3482 804 3567 Epictetus
838 3504 949 3549 severe
975 3472 1064 3547 sind

124 3662 136 3707 1
158 3657 346 3724 quotcumque
373 3678 394 3709 ω
417 3673 485 3712 corr.
506 3660 575 3726 3118
599 3656 773 3712 confinitima
796 3658 848 3711 aut
870 3650 1042 3725 cosm?

53 3730 68 3778 9
88 3724 166 3779 labes
186 3743 219 3779 ac
238 3729 276 3795 σΙΙ
292 3732 325 3779 10
344 3726 403 3781 ulla
420 3730 512 3797 Bflll
532 3728 727 3796 meditataque
746 3742 833 3796 quam
850 3726 908 3783 sibi
980 3644 1064 3857 mi

51 3812 143 3862 neque
162 3798 249 3867 111119
273 3813 377 3867 graeca
400 3798 479 3852 cuius
502 3816 536 3853 ex
554 3815 701 3869 grecorum
718 3800 812 3867 Vsstl
831 3814 904 3867 quos
1013 3862 1016 3867 ¹
1045 3856 1049 3861 ,

50 3866 134 3920 rudes
148 3883 230 3922 vocas
245 3870 263 3939 β
276 3872 286 3937 ΙΙ
300 3875 334 3922 114
353 3868 606 4005 nelmaximusfll
621 3869 824 3924 sesecundum
839 3852 1064 3955 Oaniolfflti

50 3936 229 3992 blatantosv
248 3957 277 3993 se
294 3982 299 3993 .
316 3982 321 3992 .
337 3939 512 3994 oblectantes
531 3941 565 4010 βΙ
586 3945 619 3993 3⁶2
634 3940 747 3995 addidit
765 3960 787 3994 ω
806 3954 875 3996 corr.
891 3940 1035 4011 &appu
1046 3932 1064 3973 ¹²·
