2392 4298
499 532 513 586 l
533 538 579 599 133
600 538 633 586 14
1033 530 1076 596 69

99 694 222 759 sociorum
253 696 493 778 amicorumque
526 696 639 779 populi
667 693 819 776 Romani,
851 699 890 757 ut
915 716 954 757 ex
980 695 1076 758 ¹malis

99 781 200 861 duobus,
220 806 299 867 quos
321 784 408 867 apud
430 806 486 848 eos
509 785 650 865 vidisset,
671 788 744 846 uter
767 784 869 846 maior
887 787 979 864 esset,
1003 805 1075 847 eum

98 872 253 937 mittendum
281 878 415 939 curaret
465 872 547 936 Tum
577 874 730 957 magister
757 876 936 954 comperto,
966 889 1120 954 quam-1⁴2

97 958 177 1026 obrem
191 965 309 1026 malum
322 963 525 1043 desideraret,
542 984 617 1043 non,
636 963 682 1025 uti
697 963 803 1025 iussus
817 965 895 1041 erat,
913 962 1077 1043 maiorem,

76 1048 136 1113 ned
158 1071 244 1134 quem
274 1073 344 1116 esse
371 1053 475 1136 magis
502 1052 651 1114 idoneum
679 1052 902 1134 aptioremque
930 1051 1077 1114 faciendo

94 1139 161 1203 arieti
177 1140 413 1223 facilioremque
431 1144 561 1223 portatu
576 1139 790 1221 existimabat,
808 1140 964 1202 minorem
980 1140 1076 1202 misit.

94 1223 197 1292 bueus
221 1252 294 1293 eum
324 1230 431 1294 vocari
459 1231 551 1293 iussit
579 1234 624 1311 et,
651 1251 725 1293 cum
752 1230 994 1312 interrogasset,
1021 1250 1078 1291 cur
1089 1242 1121 1289 13

92 1336 147 1387 non.
165 1339 254 1401 quem
275 1320 419 1399 iusserat,
440 1319 587 1399 misisset,
606 1319 709 1382 causis
728 1316 980 1399 rationibusque,
998 1338 1077 1398 quas

92 1404 244 1489 dictitabat,
271 1408 388 1491 spretis
410 1408 601 1471 vestimenta
624 1406 748 1470 detrahi
771 1407 943 1488 imperavit
966 1406 1077 1488 virgis-

72 1514 136 1575 ·que
158 1498 289 1560 multum
319 1497 434 1561 weidit
462 1497 623 1578 corrumpi
652 1501 749 1577 atque
775 1495 907 1558 dissolui
935 1495 1078 1557 officium

91 1600 163 1648 omne
184 1586 368 1668 imperantis
392 1590 490 1665 ratus,
513 1586 539 1647 si
564 1586 636 1666 quis
659 1581 699 1647 ad
722 1584 764 1666 id,
787 1584 872 1667 quod
892 1584 996 1647 faeere
1015 1584 1078 1646 ius-

92 1690 131 1733 sus
148 1680 203 1755 est,
224 1695 290 1737 non
315 1673 468 1756 obsequio
492 1672 609 1755 debito,
633 1674 687 1736 sed
711 1674 845 1737 consilio
869 1694 935 1735 non
959 1671 1078 1735 deside-

93 1766 143 1824 uto
162 1764 356 1846 respondeat.

533 1920 612 1985 XIV

72 2035 146 2101 aaut
162 2042 261 2097 dixerit
279 2043 432 2112 feceritque
448 2042 475 2096 C.
491 2042 645 2109 Fabricius,
664 2048 770 2112 magna
787 2041 829 2095 vir
847 2041 938 2108 gloria
955 2041 1079 2109 magnis-

119 2129 160 2179 que
180 2113 261 2167 rebus
284 2115 384 2185 gestis,
413 2115 461 2167 sed
485 2114 612 2167 familiae
635 2113 826 2182 pecuniaeque
849 2113 943 2180 inops,
969 2129 1030 2164 cum
1054 2112 1079 2163 ei

120 2181 241 2238 &mnites
259 2188 405 2254 tamquam
424 2185 563 2255 indigenti
583 2201 668 2253 graue
687 2200 786 2236 aurum
805 2184 950 2237 donarent.

141 2309 253 2375 lulius
287 2312 463 2399 Hyginus
500 2316 538 2377 in
570 2313 671 2376 libro
703 2313 746 2375 de
779 2313 858 2375 vita
890 2311 1079 2392 rebusque
1109 2326 1122 2371 1

72 2394 286 2493 ,inlustrium
318 2404 485 2466 virorum
514 2407 621 2466 sexto
649 2403 703 2483 (fr.
728 2400 822 2484 31³.)
850 2403 973 2485 legatos
1002 2400 1080 2461 dicit

72 2498 111 2545 '⁸⁸
131 2485 315 2554 Samnitibus
346 2491 387 2554 ad
420 2489 452 2555 C.
480 2489 676 2572 Fabricium,
708 2492 934 2575 imperatorem
968 2490 1079 2571 populi

99 2568 214 2660 tonant,
236 2581 362 2643 venisse
385 2584 418 2643 et
436 2581 621 2643 memoratis
640 2580 750 2642 multis
769 2580 959 2662 magnisque
977 2577 1081 2656 rebus,

99 2680 154 2743 quae
170 2667 247 2732 bene
266 2690 303 2733 ac
321 2668 469 2733 benivole
488 2675 562 2751 post
580 2668 735 2732 redditam
756 2689 867 2750 pacem
883 2665 1080 2729 Samnitibus

97 2746 208 2838 foebaet,
235 2757 390 2822 obtulisse
417 2759 502 2821 dono
530 2759 681 2843 grandem
711 2758 878 2839 pecuniam
904 2776 1083 2835 orasseque,

72 2842 130 2939 fati
153 2848 306 2929 acciperet
338 2851 558 2930 utereturque,
592 2851 688 2929 atque
720 2847 757 2930 id
784 2846 889 2909 facere
923 2841 1082 2906 Samnites

72 2916 196 3013 *dixisse
217 2936 304 3018 quod
328 2936 471 3000 viderent
495 2938 596 3000 multa
619 2936 660 2998 ad
683 2936 884 3019 splendorem
905 2934 1019 2995 domus
1038 2936 1081 2994 at-

99 3033 141 3097 que
162 3026 261 3087 rictus
287 3025 396 3089 defieri
419 3046 523 3107 neque
546 3047 604 3109 pro
628 3024 838 3106 amplitudine
863 3023 1083 3106 dignitateque

99 3102 192 3175 butum
220 3119 368 3196 paratum
397 3135 473 3178 esse.
520 3112 601 3176 Tum
626 3111 807 3176 Fabricium
834 3113 946 3195 planas
970 3133 1083 3174 manus
1112 3126 1126 3171 ‘2

125 3234 227 3245 ---.-.--.

149 3310 178 3357 18
187 3323 245 3374 sqq.
262 3305 324 3358 Val.
338 3305 412 3358 Max.
427 3305 465 3358 lv
481 3311 506 3371 3,
521 3311 536 3358 6
557 3306 630 3358 Serv.
646 3305 677 3356 Α.
693 3304 731 3356 VI
745 3309 797 3357 844
815 3304 845 3373 (F
847 3304 949 3357 rontin.
965 3303 1002 3356 IV
1017 3309 1041 3369 3,
1058 3309 1083 3361 ⁸2)

99 3368 131 3423 a.
142 3370 189 3428 cie.
203 3376 273 3430 Cato
287 3376 351 3430 XVI
367 3383 400 3430 55
416 3377 450 3430 de
464 3394 494 3429 re
508 3375 583 3445 publ.
600 3376 637 3428 Ill
652 3381 694 3439 28,
709 3381 742 3428 32
756 3376 853 3444 parad.
865 3374 901 3427 Vl
913 3382 937 3439 2,
949 3380 982 3426 48
998 3373 1081 3426 schol.

99 3434 147 3497 Ba.
163 3447 195 3499 aa
214 3446 270 3502 cie.
285 3464 337 3517 pro
356 3447 435 3501 snus
454 3447 505 3501 vn
520 3453 534 3500 u
553 3446 615 3500 rai.
631 3447 703 3499 Max.
718 3446 756 3498 iv
771 3453 794 3510 a,
811 3452 826 3498 a
846 3446 916 3498 pun.
933 3445 995 3497 xix
1011 3452 1034 3507 a,
1051 3451 1083 3494 aa

97 3506 222 3573 fluento
232 3525 248 3572 2
259 3520 394 3588 apophth.
405 3519 480 3572 Man.
493 3518 553 3572 Cur.
565 3524 582 3570 2
592 3518 693 3571 Athen.
705 3517 730 3571 X
742 3524 773 3570 13
783 3536 809 3586 p.
821 3524 886 3570 419·
896 3516 988 3570 Flor.l
1001 3521 1041 3573 13.
1051 3521 1083 3567 22

96 3580 144 3639 lm.
155 3586 223 3644 Vict.
239 3591 287 3643 vir.
303 3590 343 3643 ill.
359 3596 393 3644 33
412 3590 521 3659 Ampel.
538 3589 628 3642 XVIII
643 3595 658 3641 8

97 3692 270 3710 κῇ.

145 3771 161 3819 δ
176 3782 229 3823 ιιι
243 3787 271 3839 g.
292 3772 376 3839 (mag.
391 3770 422 3836 P)
437 3768 468 3822 (l.
484 3788 505 3821 a
519 3787 547 3820 m
589 3767 655 3821 'ster
669 3765 838 3838 ἀρχιτέκτων
854 3783 868 3822 ς
884 3770 893 3831 11
908 3769 923 3815 6
943 3763 1086 3816 existima-

94 3828 146 3891 Η
158 3842 232 3909 118
254 3839 384 3894 iussisset
401 3842 476 3907 8119
497 3784 626 3893 diocliae
643 3841 737 3905 31110
756 3856 794 3891 aar
812 3834 986 3906 pontificium
1007 3841 1037 3886 ut
1055 3835 1087 3884 in

91 3902 108 3973 d
115 3907 165 3979 3·⁹l
177 3916 211 3965 27
224 3915 325 3984 patum
339 3916 362 3964 B
375 3914 561 3982 paratumque
580 3916 627 3963 Π
