2144 4328
322 568 504 627 carnum
524 569 589 626 mn.
608 570 687 627 run
971 578 1013 644 35

10 738 127 815 nudo,
159 757 253 821 quos
283 735 323 799 de
352 733 498 798 obscuris
525 732 567 797 M.
592 732 722 799 Catonis
751 740 947 821 composuit,
975 742 1013 806 de

10 846 64 893 rso
86 824 278 911 recepticio
302 822 458 906 scriptum
482 822 621 906 reliquit

38 914 101 979 Vll
135 912 255 978 Verba
283 910 364 976 haee
386 933 425 975 ex
449 910 561 975 Atinia
583 913 668 998 lege:
696 913 795 996 ‘quod
819 915 1011 999 subruptum

10 1004 52 1087 it,
79 1006 154 1069 eius
188 1003 241 1067 rei
273 1008 403 1065 aeterna
430 1001 605 1064 auctoritas
633 1002 728 1084 esto',
760 1001 794 1066 P.
818 1001 952 1089 Nigidio
980 1012 1012 1070 et

10 1090 215 1167 lScaevolae
245 1090 316 1153 visa
342 1110 412 1153 esse
438 1109 505 1152 uon
533 1090 639 1153 minus
665 1091 703 1154 de
726 1093 899 1174 praeterito
923 1094 1010 1156 furto

10 1200 74 1245 mu
97 1182 139 1245 de
164 1182 284 1243 futuro
308 1179 438 1242 cavisse.

46 1266 127 1335 VIII
153 1266 196 1333 ln
214 1267 420 1331 sermonibus
439 1267 524 1350 apud
543 1288 687 1331 mensam
707 1266 804 1330 Tauri
823 1267 1009 1352 philosophi

10 1359 90 1422 ueri
113 1356 302 1443 agitarique
326 1356 484 1419 eiusmodi
507 1356 614 1419 solita:
639 1356 708 1418 ‘cur
732 1357 838 1420 oleum
862 1363 1010 1440 saepest

10 1446 88 1527 tile,
110 1448 190 1510 vina
213 1445 320 1507 rarius
344 1444 577 1529 congelascunt,
601 1448 727 1508 acetum
750 1444 831 1507 haut
852 1445 919 1508 lere
941 1468 1009 1509 um-

10 1536 90 1599 um'
119 1542 153 1599 et
178 1532 280 1615 ‘quod
304 1552 406 1615 aquae
430 1532 601 1595 fluviorum
624 1532 829 1615 fontiumque
848 1533 1010 1615 durentur,

10 1642 70 1687 rare
92 1625 172 1708 gelu
197 1642 265 1684 non
289 1620 440 1684 duretur'.

49 1708 95 1777 [X
117 1710 171 1775 De
190 1711 279 1773 notis
298 1708 487 1789 litterarum,
506 1730 588 1791 qnae
606 1710 640 1773 in
655 1706 688 1772 Ο.
704 1706 848 1773 Caesaris
863 1709 1009 1792 epistulis

10 1802 204 1885 speriuntum
232 1798 335 1880 deque
363 1797 435 1861 aliis
463 1798 668 1862 clandestinis
695 1797 812 1860 litteris
840 1820 879 1861 ex
903 1801 1009 1863 vetere

10 1888 118 1953 istoria
141 1888 270 1971 petitis,
293 1892 326 1949 et
349 1885 425 1969 quid
450 1886 594 1967 σκυτάλη
618 1887 660 1950 sit
683 1884 849 1949 Laconica.

49 1976 77 2039 X
108 1974 197 2051 Quid
221 1976 259 2038 dc
283 1974 428 2038 versibus
447 1971 583 2058 Vergilii
602 1972 779 2037 Favorinus
798 1976 1008 2057 existumant,

10 2066 102 2128 uibus
116 2067 152 2127 in
168 2062 377 2127 describenda
392 2063 558 2147 flagrmia
571 2065 690 2126 montis
700 2062 824 2127 Aetnae
833 2063 1007 2127 Pindarum

10 2161 112 2217 oetam
137 2160 270 2217 secutus
293 2158 355 2230 est3
382 2152 571 2233 conlataque
595 2152 636 2214 ab
660 2173 697 2214 eo
721 2174 818 2235 super
840 2154 948 2216 eadem
972 2176 1007 2217 re

10 2244 153 2324 trinaque
178 2242 320 2304 carmina
343 2244 376 2303 et
399 2240 578 2303 diiudicata.

50 2330 96 2394 xl
121 2330 218 2407 Quod
233 2327 424 2392 Plutarchus
443 2329 582 2391 inlibris
597 2330 806 2411 symposiacis
821 2331 1005 2412 opinionem

10 2420 130 2483 latonis
160 2420 199 2482 de
227 2417 340 2481 habitu
370 2420 465 2500 atquc
494 2422 607 2480 natura
636 2417 793 2481 stomachi
816 2418 1007 2501 fistulaeque

10 2508 63 2587 ius,
81 2530 167 2590 qnae
185 2518 318 2589 τραχεῖα
338 2506 463 2586 dicitur,
481 2505 649 2569 adversum
665 2504 894 2570 Erasistratum
910 2507 1007 2571 medi-

10 2617 58 2659 nm
94 2600 222 2659 tutatus
255 2601 302 2658 est
335 2596 525 2658 auctoritate
557 2593 700 2657 adhibita
733 2596 857 2675 antiqui
891 2595 1006 2658 medici

10 2680 206 2767 lippocratis.

53 2771 114 2835 XII
150 2771 201 2837 De
229 2773 369 2834 materiis
398 2771 585 2853 infamibus,
618 2793 697 2853 quas
726 2770 837 2834 Graeci
865 2769 1005 2846 ἀδόξους

10 2862 167 2944 ppellant‚
190 2882 209 2922 a
233 2858 391 2923 Favorino
415 2861 580 2924 exercendi
605 2861 708 2945 gratia
732 2859 911 2942 disputatis.

54 2947 131 3011 xlll
147 2948 257 3024 'Quin’
274 2950 428 3030 particula
443 2955 523 3030 quot
537 2950 710 3031 qualesque
725 2948 895 3011 varietates
910 2948 1006 3031 signi-

10 3035 148 3101 icatiouis
171 3036 290 3100 habeat
309 3042 342 3101 et
360 3058 455 3119 quam
476 3059 569 3121 saepe
589 3038 621 3101 in
641 3042 784 3100 veterum
805 3037 932 3119 scriptis
952 3037 1006 3100 ob-

10 3128 155 3189 conrasit.

59 3212 131 3276 xli·
157 3212 341 3277 Sententiae
360 3236 397 3277 ex
414 3213 532 3277 Publili
554 3214 661 3277 mimis
677 3214 811 3277 selectae
825 3214 1005 3296 lepidiores.

61 3299 117 3363 XV
132 3300 224 3377 Quod
235 3299 412 3366 Carneades
421 3301 633 3366 Academicus
647 3302 789 3365 elleboro
804 3301 1006 3365 stomachum

10 3392 142 3471 purgavit
160 3391 335 3473 scripturus
354 3392 505 3455 adversus
522 3390 661 3455 Zenonis
677 3388 778 3455 Stoici
797 3391 936 3469 decreta3
956 3390 1007 3451 de-

10 3494 62 3554 que
82 3487 189 3541 natura
213 3480 411 3562 medellaque
435 3481 569 3543 ellebori
593 3480 719 3543 candidi
742 3484 774 3543 et
797 3480 891 3562 nigri.

65 3562 135 3629 XVI
157 3568 276 3631 Anates
290 3565 441 3633 Ponticas
461 3571 525 3632 vim
546 3568 663 3632 habere
679 3568 812 3632 venenis
827 3564 1008 3649 digerendis

15 3658 169 3737 potenten13
196 3663 291 3739 atque
319 3657 399 3721 inibi
429 3658 467 3720 de
490 3656 646 3721 Mitridati
672 3657 758 3742 regis
787 3657 821 3717 in
848 3655 881 3716 id
907 3674 1008 3736 genus

17 3740 257 3809 medicamentum
281 3746 432 3810 sollertia.

70 3826 151 3896 XVII
182 3832 387 3918 Mitridatem,
410 3834 507 3898 Ponti
530 3856 649 3919 regem,
673 3834 814 3915 quinque
839 3833 870 3893 et
893 3827 1011 3911 viginti

24 3919 137 3993 ssfflfium
170 3923 290 4008 linguis
322 3925 482 4006 locutum;
520 3922 740 4004 Quintumque
773 3917 917 3982 Ennium
949 3915 1012 3978 tria

807 4024 845 4080 3·
