2144 4328
15 590 57 653 14
361 586 628 645 mmmm.
646 586 688 645 lV

18 753 85 817 sint
98 751 237 817 hostiae
249 752 471 819 succidancae’
470 803 481 838 ,
494 750 573 839 quid
585 752 691 819 rtem
690 772 795 839 porea
830 756 835 763 ’
906 752 917 771 ’

17 846 51 907 et
61 841 178 1015 qplod
193 840 310 927 Capito
334 838 450 907 Ateius
476 842 574 909 ferias
602 842 802 927 quaschm
902 844 912 859 ⁰

18 954 37 996 a
128 932 204 995 avit
932 946 936 957 '

37 952 102 1015 ppo
83 1017 147 1084 VII
170 1018 220 1083 De
242 1020 383 1105 epistula
399 1018 524 1085 Valerii
544 1018 645 1085 Prubi
666 1020 876 1107 punimini
931 1092 934 1097 ,

17 1108 134 1173 cellum
171 1109 292 1193 scripta
328 1130 426 1194 super
459 1112 595 1175 accentu
630 1109 803 1174 nominum
837 1132 882 1197 qu

17 1197 240 1262 Poenicorum,
940 1226 945 1243 =

83 1284 165 1351 VIII
188 1285 273 1362 Quid
292 1284 327 1353 C
344 1284 513 1353 Fabricius
536 1286 576 1351 de
594 1284 747 1353 Cornelio
764 1284 888 1355 Rufino

17 1396 113 1440 avaro
145 1376 275 1459 dixerit,
307 1396 418 1461 quem,
448 1396 523 1441 cum
550 1374 710 1441 odisset
699 1376 920 1463 miuricusquo
948 1452 953 1457 ¹

17 1464 84 1528 desi
130 1464 249 1529 andum
272 1469 382 1529 tamen
404 1464 570 1531 consulem
592 1465 737 1551 curavit)

161 1552 246 1629 Quid
269 1553 430 1639 significet
451 1554 616 1639 proprie
702 1553 817 1639 osus’3
843 1554 910 1621 a
897 1574 934 1619 ιιι

17 1641 214 1707 deverticula
232 1642 426 1729 significatio
446 1643 541 1707 istius
554 1642 657 1708 vocab
696 1642 804 1709 flexa
817 1644 875 1729 ait·
892 1648 929 1709 et

16 1730 142 1818 Nigidii
156 1730 265 1817 Figuli
283 1754 322 1795 ex
342 1731 582 1797 commentariis
598 1732 669 1797 eius
688 1752 787 1817 snper
799 1754 888 1799 aare

83 1819 114 1883 X
133 1820 217 1896 Quid
237 1820 441 1885 observatum
461 1820 502 1884 de
518 1820 630 1885 ordine
745 1820 886 1887 darum
875 1842 912 1887 ιιι

17 1911 295 1994 sententiarum3
286 1911 456 1995 iurgiaque
478 1910 512 1973 in
535 1914 650 1975 senatu
699 1906 875 1976 ,Caesaris

18 2002 51 2062 et
72 1996 114 2062 M.
134 1997 266 2063 Catonis
289 1999 373 2063 diem
398 1998 534 2063 dicendo
557 1998 737 2063 eximentis.
968 2014 973 2049 ¹

83 2085 129 2151 XI
163 2086 251 2164 Quae
282 2087 453 2171 qualiaque
481 2089 560 2172 sint,
592 2109 674 2172 quae
699 2087 974 2173 Aristoxenusqi'

17 2178 121 2262 magis
145 2182 309 2261 comperta
332 2177 371 2240 de
394 2175 580 2262 Pythagora
603 2177 776 2241 memoriae
799 2177 977 2333 mandatio*²

17 2287 100 2348 quae
131 2266 208 2329 item
236 2264 430 2331 Plutarchus
463 2266 496 2328 in
529 2265 663 2330 eundem
696 2265 830 2331 modum
858 2266 899 2332 de

16 2352 123 2437 Pyt-ha
148 2376 204 2418 ora
227 2356 401 2438 scripserit.

84 2442 113 2506 X
176 2443 283 2508 Notae
306 2449 339 2507 et
362 2444 654 2508 animadversiones
678 2445 844 2509 censoriae
867 2446 902 2509 in
923 2446 980 2511 vet

18 2532 79 2596 bus
101 2534 318 2596 monumentis
342 2537 486 2616 repertae
509 2533 665 2597 memoria
688 2533 815 2620 dignae.

83 2620 162 2685 XIII
177 2620 270 2698 Quod
286 2623 483 2686 incentiones
498 2622 655 2705 quaedam
670 2623 823 2686 tibiarum
838 2626 927 2688 certo
940 2640 982 2687 m<

17 2710 120 2775 factae
144 2711 293 2776 ischiacis
317 2710 436 2774 mederi
459 2716 604 2794 possunt.

82 2799 162 2865 XIV
192 2799 352 2866 Narratur
378 2800 516 2864 hist-oria
543 2800 582 2863 de
605 2798 748 2864 Hostilio
770 2797 926 2865 Mancino
951 2818 983 2865 aa

16 2886 95 2953 lium
116 2894 148 2953 et
161 2889 295 2954 Manilia
311 2891 492 2973 meretrice3
511 2889 672 2973 verbaque
686 2889 807 2953 decreti
820 2888 983 2954 tribunorc

17 2976 58 3041 ad
82 2999 164 3060 quos
187 3002 206 3041 a
228 2978 363 3044 Manilia
386 2984 596 3062 provocatum
620 2982 676 3042 est

83 3064 145 3129 XV
172 3065 313 3132 Defensa
335 3092 355 3132 a
373 3066 468 3150 culpa
487 3067 623 3131 sentent
615 3088 646 3130 ra
664 3088 703 3132 ex
721 3066 861 3131 historia
880 3064 983 3133 Sallus

17 3174 130 3306 poam
142 3154 244 3238 iniqui
273 3159 342 3221 eius
370 3179 442 3221 cum
472 3157 681 3221 insectatione
709 3154 844 3241 maligui
867 3154 983 3240 reprolr

38 3246 122 3306 erunt

83 3329 161 3395 XVI
194 3331 242 3394 De
270 3334 438 3399 vocabulis
461 3333 653 3418 quibusdam
677 3356 696 3398 a
719 3332 865 3397 Varrone
888 3338 922 3399 et
942 3330 983 3401 Ni

17 3418 70 3484 dio
89 3424 202 3484 contra
221 3422 373 3487 cotidiani
394 3424 550 3489 sermonis
569 3422 833 3487 consuetudinem
852 3421 983 3488 declinat

16 3514 114 3592 atque
142 3509 223 3573 inibi
253 3510 284 3573 id
312 3534 413 3598 genus
436 3514 592 3596 quaedam
617 3534 689 3577 cum
710 3510 866 3594 exemplis
889 3517 983 3577 vasu

17 3598 127 3662 relata.

83 3686 178 3751 XVII
215 3687 264 3752 De
296 3694 410 3752 natura
443 3691 642 3773 quarundam
674 3688 921 3776 particularum,
953 3710 983 3774 qr

16 3777 220 3861 praepositae
252 3776 358 3841 verbis
390 3778 512 3843 intendi
545 3784 642 3863 atque
673 3779 809 3863 produci
839 3778 975 3844 barbare

17 3864 131 3931 inscite
158 3868 319 3947 videntur,
347 3865 502 3950 exemplis
525 3869 770 3952 rationibusque
791 3867 949 3952 plusculis
971 3866 983 3931 ἑ

17 3960 189 4039 captatum.
