<?xml version="1.0" encoding="UTF-8"?>
<!DOCTYPE html PUBLIC "-//W3C//DTD XHTML 1.0 Transitional//EN"
    "http://www.w3.org/TR/xhtml1/DTD/xhtml1-transitional.dtd">
<html xmlns="http://www.w3.org/1999/xhtml" xml:lang="en" lang="en">
 <head>
  <title>
</title>
<meta http-equiv="Content-Type" content="text/html;charset=utf-8" />
  <meta name='ocr-system' content='tesseract 3.04.00' />
  <meta name='ocr-capabilities' content='ocr_page ocr_carea ocr_par ocr_line ocrx_word'/>
</head>
<body>
  <div class='ocr_page' id='page_1' title='image "agelliinoctivma01gellgoog_0039.png"; bbox 0 0 2392 4298; ppageno 0'>
   <div class='ocr_carea' id='block_1_1' title="bbox 178 516 786 574">
    <p class='ocr_par' dir='ltr' id='par_1_1' title="bbox 178 516 786 574">
     <span class='ocr_line' id='line_1_1' title="bbox 178 516 786 574; baseline 0 -2"><span class='ocrx_word' id='word_1_1' title='bbox 178 517 280 574; x_wconf 84' lang='lat' dir='ltr'>XXXII</span> <span class='ocrx_word' id='word_1_2' title='bbox 581 516 786 573; x_wconf 77' lang='lat' dir='ltr'>Panssn‘rlo</span> 
     </span>
    </p>
   </div>
   <div class='ocr_carea' id='block_1_2' title="bbox 155 676 1163 2009">
    <p class='ocr_par' dir='ltr' id='par_1_2' title="bbox 155 676 1163 2009">
     <span class='ocr_line' id='line_1_2' title="bbox 155 676 1163 769; baseline -0.001 -20"><span class='ocrx_word' id='word_1_3' title='bbox 155 676 159 683; x_wconf 46' lang='lat'>⁸</span> <span class='ocrx_word' id='word_1_4' title='bbox 178 708 303 769; x_wconf 88' lang='lat' dir='ltr'>parvam</span> <span class='ocrx_word' id='word_1_5' title='bbox 330 691 411 748; x_wconf 85' lang='lat' dir='ltr'>vitae</span> <span class='ocrx_word' id='word_1_6' title='bbox 434 687 623 766; x_wconf 74' lang='lat' dir='ltr'>Pythagorae</span> <span class='ocrx_word' id='word_1_7' title='bbox 649 690 765 765; x_wconf 74' lang='lat' dir='ltr'>partem</span> <span class='ocrx_word' id='word_1_8' title='bbox 793 705 828 746; x_wconf 87' lang='lat' dir='ltr'>ex</span> <span class='ocrx_word' id='word_1_9' title='bbox 851 686 999 746; x_wconf 81' lang='lat' dir='ltr'>Favorino</span> <span class='ocrx_word' id='word_1_10' title='bbox 1021 704 1163 765; x_wconf 82' lang='lat' dir='ltr'>assumpa</span> 
     </span>
     <span class='ocr_line' id='line_1_3' title="bbox 178 773 1162 856; baseline -0.003 -17"><span class='ocrx_word' id='word_1_11' title='bbox 178 783 261 839; x_wconf 89' lang='lat' dir='ltr'>cuius</span> <span class='ocrx_word' id='word_1_12' title='bbox 284 778 343 838; x_wconf 91' lang='lat' dir='ltr'>duo</span> <span class='ocrx_word' id='word_1_13' title='bbox 366 779 544 856; x_wconf 75' lang='lat' dir='ltr'>greviasima</span> <span class='ocrx_word' id='word_1_14' title='bbox 564 794 655 853; x_wconf 85' lang='lat' dir='ltr'>opera</span> <span class='ocrx_word' id='word_1_15' title='bbox 672 773 846 851; x_wconf 73' lang='lat' dir='ltr'>nominat§</span> <span class='ocrx_word' id='word_1_16' title='bbox 867 778 920 848; x_wconf 73' lang='lat'>123</span> <span class='ocrx_word' id='word_1_17' title='bbox 943 776 996 835; x_wconf 82' lang='lat' dir='ltr'>cfr.</span> <span class='ocrx_word' id='word_1_18' title='bbox 1017 776 1057 835; x_wconf 83' lang='lat'>15</span> <span class='ocrx_word' id='word_1_19' title='bbox 1078 779 1116 850; x_wconf 87' lang='lat' dir='ltr'>et,</span> <span class='ocrx_word' id='word_1_20' title='bbox 1140 779 1162 836; x_wconf 86' lang='lat' dir='ltr'>n</span> 
     </span>
     <span class='ocr_line' id='line_1_4' title="bbox 179 862 1160 946; baseline -0.004 -18"><span class='ocrx_word' id='word_1_21' title='bbox 179 870 215 928; x_wconf 83' lang='lat' dir='ltr'>de</span> <span class='ocrx_word' id='word_1_22' title='bbox 237 869 424 944; x_wconf 85' lang='lat' dir='ltr'>homonymis</span> <span class='ocrx_word' id='word_1_23' title='bbox 447 867 555 944; x_wconf 89' lang='lat' dir='ltr'>agitur,</span> <span class='ocrx_word' id='word_1_24' title='bbox 581 867 621 924; x_wconf 82' lang='grc'>25</span> <span class='ocrx_word' id='word_1_25' title='bbox 640 862 712 946; x_wconf 77' lang='lat'>(473</span> <span class='ocrx_word' id='word_1_26' title='bbox 732 862 796 942; x_wconf 84' lang='grc'>48).</span> <span class='ocrx_word' id='word_1_27' title='bbox 838 863 913 924; x_wconf 82' lang='lat' dir='ltr'>Cum</span> <span class='ocrx_word' id='word_1_28' title='bbox 931 865 1080 925; x_wconf 75' lang='lat' dir='ltr'>Favorino</span> <span class='ocrx_word' id='word_1_29' title='bbox 1098 884 1160 942; x_wconf 78' lang='lat' dir='ltr'>pan</span> 
     </span>
     <span class='ocr_line' id='line_1_5' title="bbox 179 946 1159 1035; baseline -0.003 -17"><span class='ocrx_word' id='word_1_30' title='bbox 179 960 352 1019; x_wconf 89' lang='lat' dir='ltr'>coniunctus</span> <span class='ocrx_word' id='word_1_31' title='bbox 374 956 485 1033; x_wconf 88' lang='lat' dir='ltr'>legitur</span> <span class='ocrx_word' id='word_1_32' title='bbox 503 955 698 1014; x_wconf 72' lang='lat' dir='ltr'><strong>Aristoxenus</strong></span> <span class='ocrx_word' id='word_1_33' title='bbox 720 956 759 1013; x_wconf 82' lang='lat'>15</span> <span class='ocrx_word' id='word_1_34' title='bbox 779 946 915 1035; x_wconf 80' lang='lat' dir='ltr'>(15sq.),</span> <span class='ocrx_word' id='word_1_35' title='bbox 937 954 990 1013; x_wconf 90' lang='lat' dir='ltr'>ubi</span> <span class='ocrx_word' id='word_1_36' title='bbox 1011 956 1120 1014; x_wconf 87' lang='lat' dir='ltr'>tertius</span> <span class='ocrx_word' id='word_1_37' title='bbox 1142 972 1159 1015; x_wconf 77' lang='lat' dir='ltr'>a</span> 
     </span>
     <span class='ocr_line' id='line_1_6' title="bbox 179 1042 1158 1122; baseline -0.004 -16"><span class='ocrx_word' id='word_1_38' title='bbox 179 1050 240 1106; x_wconf 85' lang='lat' dir='ltr'>stat</span> <span class='ocrx_word' id='word_1_39' title='bbox 258 1044 442 1121; x_wconf 78' lang='lat' dir='ltr'>Xenophilus</span> <span class='ocrx_word' id='word_1_40' title='bbox 465 1043 524 1102; x_wconf 90' lang='lat' dir='ltr'>ille.</span> <span class='ocrx_word' id='word_1_41' title='bbox 565 1044 775 1104; x_wconf 74' lang='lat' dir='ltr'><strong>Aristoxenum</strong></span> <span class='ocrx_word' id='word_1_42' title='bbox 793 1043 921 1122; x_wconf 78' lang='lat' dir='ltr'>Diogeni</span> <span class='ocrx_word' id='word_1_43' title='bbox 939 1063 993 1120; x_wconf 85' lang='lat' dir='ltr'>par</span> <span class='ocrx_word' id='word_1_44' title='bbox 1010 1042 1158 1104; x_wconf 73' lang='lat' dir='ltr'>Favorino</span> 
     </span>
     <span class='ocr_line' id='line_1_7' title="bbox 179 1132 1158 1210; baseline -0.002 -15"><span class='ocrx_word' id='word_1_45' title='bbox 179 1136 343 1195; x_wconf 88' lang='lat' dir='ltr'>innotuisse</span> <span class='ocrx_word' id='word_1_46' title='bbox 377 1133 438 1192; x_wconf 88' lang='lat' dir='ltr'>alio</span> <span class='ocrx_word' id='word_1_47' title='bbox 471 1132 612 1210; x_wconf 80' lang='lat' dir='ltr'>exemplo.</span> <span class='ocrx_word' id='word_1_48' title='bbox 636 1134 710 1192; x_wconf 88' lang='lat' dir='ltr'>satis</span> <span class='ocrx_word' id='word_1_49' title='bbox 741 1132 907 1192; x_wconf 74' lang='lat' dir='ltr'>luculenter</span> <span class='ocrx_word' id='word_1_50' title='bbox 937 1132 1054 1191; x_wconf 87' lang='lat' dir='ltr'>ostendi</span> <span class='ocrx_word' id='word_1_51' title='bbox 1085 1136 1158 1210; x_wconf 71' lang='lat' dir='ltr'>pote</span> 
     </span>
     <span class='ocr_line' id='line_1_8' title="bbox 179 1214 1157 1303; baseline -0.002 -19"><span class='ocrx_word' id='word_1_52' title='bbox 179 1227 265 1302; x_wconf 91' lang='lat' dir='ltr'>Diog.</span> <span class='ocrx_word' id='word_1_53' title='bbox 289 1222 335 1281; x_wconf 88' lang='lat'>111</span> <span class='ocrx_word' id='word_1_54' title='bbox 359 1224 400 1282; x_wconf 82' lang='grc'>25</span> <span class='ocrx_word' id='word_1_55' title='bbox 427 1214 499 1303; x_wconf 83' lang='grc'>(37)</span> <span class='ocrx_word' id='word_1_56' title='bbox 532 1225 691 1298; x_wconf 88' lang='lat' dir='ltr'>postquam</span> <span class='ocrx_word' id='word_1_57' title='bbox 723 1222 870 1281; x_wconf 80' lang='lat' dir='ltr'>Favorino</span> <span class='ocrx_word' id='word_1_58' title='bbox 902 1224 1022 1281; x_wconf 89' lang='lat' dir='ltr'>auctora</span> <span class='ocrx_word' id='word_1_59' title='bbox 1052 1239 1124 1282; x_wconf 84' lang='lat' dir='ltr'>ueris</span> <span class='ocrx_word' id='word_1_60' title='bbox 1153 1247 1157 1273; x_wconf 79' lang='grc' dir='ltr'>ι</span> 
     </span>
     <span class='ocr_line' id='line_1_9' title="bbox 179 1309 1157 1389; baseline -0.003 -16"><span class='ocrx_word' id='word_1_61' title='bbox 179 1314 304 1373; x_wconf 88' lang='lat' dir='ltr'>Platone</span> <span class='ocrx_word' id='word_1_62' title='bbox 327 1312 484 1372; x_wconf 72' lang='lat' dir='ltr'>Aristoteli</span> <span class='ocrx_word' id='word_1_63' title='bbox 510 1312 654 1371; x_wconf 83' lang='lat' dir='ltr'>recitante</span> <span class='ocrx_word' id='word_1_64' title='bbox 682 1311 878 1384; x_wconf 71' lang='lat' dir='ltr'>rubefecit,</span> <span class='ocrx_word' id='word_1_65' title='bbox 905 1311 1017 1389; x_wconf 86' lang='lat' dir='ltr'>pergit:</span> <span class='ocrx_word' id='word_1_66' title='bbox 1044 1309 1157 1370; x_wconf 81' lang='grc' dir='ltr'><strong><em>πολιτεέ</em></strong></span> 
     </span>
     <span class='ocr_line' id='line_1_10' title="bbox 176 1395 1156 1480; baseline -0.004 -18"><span class='ocrx_word' id='word_1_67' title='bbox 176 1395 372 1480; x_wconf 77' lang='grc' dir='ltr'><strong><em>Ἀριστόξενός</em></strong></span> <span class='ocrx_word' id='word_1_68' title='bbox 403 1416 479 1477; x_wconf 81' lang='grc' dir='ltr'><em>φησι</em></span> <span class='ocrx_word' id='word_1_69' title='bbox 509 1408 609 1460; x_wconf 84' lang='grc' dir='ltr'><strong><em>πᾶσαν</em></strong></span> <span class='ocrx_word' id='word_1_70' title='bbox 639 1397 743 1478; x_wconf 80' lang='grc' dir='ltr'><strong><em>σχεδὸν</em></strong></span> <span class='ocrx_word' id='word_1_71' title='bbox 769 1396 802 1460; x_wconf 86' lang='grc' dir='ltr'>έν</span> <span class='ocrx_word' id='word_1_72' title='bbox 829 1403 889 1470; x_wconf 86' lang='grc' dir='ltr'><strong><em>τοῖς</em></strong></span> <span class='ocrx_word' id='word_1_73' title='bbox 917 1395 1119 1478; x_wconf 74' lang='grc' dir='ltr'><strong><em>Πρωταγόρου</em></strong></span> <span class='ocrx_word' id='word_1_74' title='bbox 1144 1421 1156 1479; x_wconf 85' lang='grc' dir='ltr'><strong><em>γ</em></strong></span> 
     </span>
     <span class='ocr_line' id='line_1_11' title="bbox 179 1479 1156 1571; baseline -0.003 -21"><span class='ocrx_word' id='word_1_75' title='bbox 179 1491 314 1571; x_wconf 78' lang='grc' dir='ltr'><strong><em>γράφθαι</em></strong></span> <span class='ocrx_word' id='word_1_76' title='bbox 332 1486 541 1569; x_wconf 79' lang='grc' dir='ltr'><strong><em>ἀντιλογικοῖς;</em></strong></span> <span class='ocrx_word' id='word_1_77' title='bbox 564 1489 644 1548; x_wconf 88' lang='lat' dir='ltr'>idam</span> <span class='ocrx_word' id='word_1_78' title='bbox 661 1489 776 1565; x_wconf 82' lang='lat' dir='ltr'>profert</span> <span class='ocrx_word' id='word_1_79' title='bbox 795 1489 836 1548; x_wconf 83' lang='lat'>35</span> <span class='ocrx_word' id='word_1_80' title='bbox 855 1480 928 1569; x_wconf 77' lang='lat'>(57)</span> <span class='ocrx_word' id='word_1_81' title='bbox 947 1479 1124 1569; x_wconf 78' lang='grc' dir='ltr'><strong><em>(πολιτείαν)</em></strong></span> <span class='ocrx_word' id='word_1_82' title='bbox 1142 1509 1156 1547; x_wconf 83' lang='grc' dir='ltr'><strong><em>τ</em></strong></span> 
     </span>
     <span class='ocr_line' id='line_1_12' title="bbox 178 1573 1155 1660; baseline -0.004 -20"><span class='ocrx_word' id='word_1_83' title='bbox 178 1578 368 1658; x_wconf 80' lang='grc' dir='ltr'><strong><em>εὑρίσκεσθαι</em></strong></span> <span class='ocrx_word' id='word_1_84' title='bbox 390 1576 493 1657; x_wconf 84' lang='grc' dir='ltr'><strong><em>σχεδὸν</em></strong></span> <span class='ocrx_word' id='word_1_85' title='bbox 516 1577 589 1654; x_wconf 83' lang='grc' dir='ltr'><strong><em>ὅλην</em></strong></span> <span class='ocrx_word' id='word_1_86' title='bbox 611 1575 692 1656; x_wconf 83' lang='grc' dir='ltr'><strong><em>παρὰ</em></strong></span> <span class='ocrx_word' id='word_1_87' title='bbox 710 1575 893 1660; x_wconf 75' lang='grc' dir='ltr'><strong><em>Πρωταγόρᾳ</em></strong></span> <span class='ocrx_word' id='word_1_88' title='bbox 915 1575 948 1637; x_wconf 88' lang='grc' dir='ltr'>έν</span> <span class='ocrx_word' id='word_1_89' title='bbox 968 1580 1029 1648; x_wconf 83' lang='grc' dir='ltr'><strong><em>τοῖς</em></strong></span> <span class='ocrx_word' id='word_1_90' title='bbox 1046 1573 1155 1656; x_wconf 74' lang='grc' dir='ltr'><strong><em>ἀντιλογ</em></strong></span> 
     </span>
     <span class='ocr_line' id='line_1_13' title="bbox 180 1662 1155 1749; baseline -0.003 -21"><span class='ocrx_word' id='word_1_91' title='bbox 180 1673 243 1741; x_wconf 82' lang='grc' dir='ltr'><strong><em>κοῖς</em></strong></span> <span class='ocrx_word' id='word_1_92' title='bbox 262 1684 337 1745; x_wconf 82' lang='grc' dir='ltr'><em>φησι</em></span> <span class='ocrx_word' id='word_1_93' title='bbox 355 1668 532 1746; x_wconf 83' lang='grc' dir='ltr'><strong><em>Φαβωρῖνος</em></strong></span> <span class='ocrx_word' id='word_1_94' title='bbox 549 1665 582 1726; x_wconf 84' lang='grc' dir='ltr'>έν</span> <span class='ocrx_word' id='word_1_95' title='bbox 600 1666 791 1744; x_wconf 78' lang='grc' dir='ltr'><strong><em>παντοδαπῆς</em></strong></span> <span class='ocrx_word' id='word_1_96' title='bbox 809 1665 937 1745; x_wconf 80' lang='grc' dir='ltr'><strong><em>ἱστορίας</em></strong></span> <span class='ocrx_word' id='word_1_97' title='bbox 955 1662 1088 1749; x_wconf 75' lang='grc' dir='ltr'><strong><em>δευτέρῳ.</em></strong></span> <span class='ocrx_word' id='word_1_98' title='bbox 1125 1665 1155 1725; x_wconf 81' lang='grc' dir='ltr'>Ν·</span> 
     </span>
     <span class='ocr_line' id='line_1_14' title="bbox 180 1754 1154 1833; baseline -0.003 -16"><span class='ocrx_word' id='word_1_99' title='bbox 180 1776 242 1817; x_wconf 86' lang='lat' dir='ltr'>esse</span> <span class='ocrx_word' id='word_1_100' title='bbox 274 1761 435 1832; x_wconf 87' lang='lat' dir='ltr'>utrumque</span> <span class='ocrx_word' id='word_1_101' title='bbox 467 1759 606 1829; x_wconf 86' lang='lat' dir='ltr'>ascitum,</span> <span class='ocrx_word' id='word_1_102' title='bbox 638 1754 690 1815; x_wconf 87' lang='lat' dir='ltr'>sed</span> <span class='ocrx_word' id='word_1_103' title='bbox 717 1756 898 1815; x_wconf 81' lang='lat' dir='ltr'>Favorinum</span> <span class='ocrx_word' id='word_1_104' title='bbox 925 1754 1054 1833; x_wconf 80' lang='lat' dir='ltr'>Diogeni</span> <span class='ocrx_word' id='word_1_105' title='bbox 1086 1773 1154 1814; x_wconf 88' lang='lat' dir='ltr'>nour</span> 
     </span>
     <span class='ocr_line' id='line_1_15' title="bbox 179 1843 1154 1922; baseline -0.002 -16"><span class='ocrx_word' id='word_1_106' title='bbox 179 1848 351 1906; x_wconf 81' lang='lat' dir='ltr'>Aristoxeni</span> <span class='ocrx_word' id='word_1_107' title='bbox 369 1846 573 1922; x_wconf 74' lang='lat' dir='ltr'>suppeditasse</span> <span class='ocrx_word' id='word_1_108' title='bbox 592 1847 654 1904; x_wconf 88' lang='lat' dir='ltr'>iam</span> <span class='ocrx_word' id='word_1_109' title='bbox 672 1863 708 1904; x_wconf 85' lang='lat' dir='ltr'>ex</span> <span class='ocrx_word' id='word_1_110' title='bbox 726 1846 867 1904; x_wconf 88' lang='lat' dir='ltr'>accurata</span> <span class='ocrx_word' id='word_1_111' title='bbox 879 1845 1074 1920; x_wconf 88' lang='lat' dir='ltr'>inscriptione</span> <span class='ocrx_word' id='word_1_112' title='bbox 1089 1843 1154 1904; x_wconf 87' lang='lat' dir='ltr'>aluo</span> 
     </span>
     <span class='ocr_line' id='line_1_16' title="bbox 180 1934 1154 2009; baseline -0.003 -14"><span class='ocrx_word' id='word_1_113' title='bbox 180 1936 291 1995; x_wconf 84' lang='lat' dir='ltr'>Eadem</span> <span class='ocrx_word' id='word_1_114' title='bbox 314 1953 360 1994; x_wconf 88' lang='lat' dir='ltr'>ras</span> <span class='ocrx_word' id='word_1_115' title='bbox 383 1938 429 1994; x_wconf 90' lang='lat' dir='ltr'>est</span> <span class='ocrx_word' id='word_1_116' title='bbox 451 1934 487 1993; x_wconf 86' lang='lat' dir='ltr'>de</span> <span class='ocrx_word' id='word_1_117' title='bbox 505 1934 697 2006; x_wconf 78' lang='lat' dir='ltr'>Dicaearcho,</span> <span class='ocrx_word' id='word_1_118' title='bbox 719 1953 808 2009; x_wconf 89' lang='lat' dir='ltr'>quern</span> <span class='ocrx_word' id='word_1_119' title='bbox 831 1935 954 1992; x_wconf 84' lang='lat' dir='ltr'>exeunte</span> <span class='ocrx_word' id='word_1_120' title='bbox 975 1934 1074 2009; x_wconf 85' lang='lat' dir='ltr'>capita</span> <span class='ocrx_word' id='word_1_121' title='bbox 1091 1950 1154 1992; x_wconf 81' lang='lat' dir='ltr'>ser</span> 
     </span>
    </p>
   </div>
   <div class='ocr_carea' id='block_1_3' title="bbox 179 2020 1154 2100">
    <p class='ocr_par' dir='ltr' id='par_1_3' title="bbox 179 2020 1154 2100">
     <span class='ocr_line' id='line_1_17' title="bbox 179 2020 1154 2100; baseline -0.003 -17"><span class='ocrx_word' id='word_1_122' title='bbox 179 2024 309 2084; x_wconf 89' lang='lat' dir='ltr'>hibuisse</span> <span class='ocrx_word' id='word_1_123' title='bbox 333 2021 445 2082; x_wconf 81' lang='lat' dir='ltr'>Gellius</span> <span class='ocrx_word' id='word_1_124' title='bbox 469 2043 540 2100; x_wconf 88' lang='lat' dir='ltr'>prae</span> <span class='ocrx_word' id='word_1_125' title='bbox 563 2041 594 2082; x_wconf 92' lang='lat' dir='ltr'>se</span> <span class='ocrx_word' id='word_1_126' title='bbox 617 2024 684 2096; x_wconf 81' lang='lat' dir='ltr'>fert,</span> <span class='ocrx_word' id='word_1_127' title='bbox 707 2022 759 2082; x_wconf 88' lang='lat' dir='ltr'>cfr.</span> <span class='ocrx_word' id='word_1_128' title='bbox 783 2021 870 2081; x_wconf 90' lang='lat' dir='ltr'>illum</span> <span class='ocrx_word' id='word_1_129' title='bbox 892 2021 972 2098; x_wconf 88' lang='lat' dir='ltr'>apud</span> <span class='ocrx_word' id='word_1_130' title='bbox 993 2021 1104 2081; x_wconf 88' lang='lat' dir='ltr'>Athen.</span> <span class='ocrx_word' id='word_1_131' title='bbox 1122 2020 1154 2081; x_wconf 79' lang='lat' dir='ltr'>X</span> 
     </span>
    </p>
   </div>
   <div class='ocr_carea' id='block_1_4' title="bbox 57 2103 1154 2193">
    <p class='ocr_par' dir='ltr' id='par_1_4' title="bbox 57 2103 1154 2193">
     <span class='ocr_line' id='line_1_18' title="bbox 57 2103 1154 2193; baseline -0.004 -21"><span class='ocrx_word' id='word_1_132' title='bbox 57 2144 59 2150; x_wconf 95' lang='lat'>·</span> <span class='ocrx_word' id='word_1_133' title='bbox 183 2117 221 2172; x_wconf 88' lang='grc'>12</span> <span class='ocrx_word' id='word_1_134' title='bbox 244 2134 272 2190; x_wconf 88' lang='lat' dir='ltr'>p.</span> <span class='ocrx_word' id='word_1_135' title='bbox 293 2103 373 2171; x_wconf 66' lang='lat'>620⁶</span> <span class='ocrx_word' id='word_1_136' title='bbox 395 2110 464 2183; x_wconf 85' lang='grc' dir='ltr'><strong><em>τοὺς</em></strong></span> <span class='ocrx_word' id='word_1_137' title='bbox 486 2104 514 2171; x_wconf 88' lang='grc' dir='ltr'>δ’</span> <span class='ocrx_word' id='word_1_138' title='bbox 533 2105 765 2189; x_wconf 70' lang='grc' dir='ltr'><strong><em>Ἐμπεδοκλέους</em></strong></span> <span class='ocrx_word' id='word_1_139' title='bbox 786 2108 962 2188; x_wconf 75' lang='grc' dir='ltr'><strong><em>καθαρμοὺς</em></strong></span> <span class='ocrx_word' id='word_1_140' title='bbox 984 2105 1154 2193; x_wconf 69' lang='grc' dir='ltr'><strong><em>έρραιγρδδρτ</em></strong></span> 
     </span>
    </p>
   </div>
   <div class='ocr_carea' id='block_1_5' title="bbox 177 2195 1154 3522">
    <p class='ocr_par' dir='ltr' id='par_1_5' title="bbox 177 2195 1154 3522">
     <span class='ocr_line' id='line_1_19' title="bbox 177 2195 1154 2283; baseline -0.003 -22"><span class='ocrx_word' id='word_1_141' title='bbox 177 2195 351 2279; x_wconf 82' lang='grc' dir='ltr'><strong><em>Ὀλυμπίασι</em></strong></span> <span class='ocrx_word' id='word_1_142' title='bbox 371 2197 538 2278; x_wconf 73' lang='grc' dir='ltr'><strong><em>Κλεομένης</em></strong></span> <span class='ocrx_word' id='word_1_143' title='bbox 556 2196 572 2259; x_wconf 86' lang='grc' dir='ltr'>ὁ</span> <span class='ocrx_word' id='word_1_144' title='bbox 591 2198 731 2283; x_wconf 69' lang='grc' dir='ltr'><strong><em>ῥαψῳδός</em></strong></span> <span class='ocrx_word' id='word_1_145' title='bbox 749 2203 781 2259; x_wconf 88' lang='lat' dir='ltr'>et</span> <span class='ocrx_word' id='word_1_146' title='bbox 798 2199 978 2259; x_wconf 79' lang='lat' dir='ltr'>Favorinum</span> <span class='ocrx_word' id='word_1_147' title='bbox 996 2200 1028 2258; x_wconf 93' lang='lat' dir='ltr'>in</span> <span class='ocrx_word' id='word_1_148' title='bbox 1046 2216 1154 2259; x_wconf 76' lang='lat' dir='ltr'>comme</span> 
     </span>
     <span class='ocr_line' id='line_1_20' title="bbox 181 2279 1153 2370; baseline -0.001 -21"><span class='ocrx_word' id='word_1_149' title='bbox 181 2293 266 2350; x_wconf 85' lang='lat' dir='ltr'>tariis</span> <span class='ocrx_word' id='word_1_150' title='bbox 291 2290 371 2367; x_wconf 90' lang='lat' dir='ltr'>apud</span> <span class='ocrx_word' id='word_1_151' title='bbox 394 2290 481 2367; x_wconf 91' lang='lat' dir='ltr'>Diog.</span> <span class='ocrx_word' id='word_1_152' title='bbox 500 2289 575 2348; x_wconf 84' lang='lat' dir='ltr'>VIII</span> <span class='ocrx_word' id='word_1_153' title='bbox 595 2292 623 2360; x_wconf 87' lang='grc'>2,</span> <span class='ocrx_word' id='word_1_154' title='bbox 643 2290 661 2347; x_wconf 88' lang='grc'>8</span> <span class='ocrx_word' id='word_1_155' title='bbox 682 2282 754 2370; x_wconf 84' lang='grc'>(63)</span> <span class='ocrx_word' id='word_1_156' title='bbox 778 2286 887 2358; x_wconf 83' lang='grc' dir='ltr'><strong><em>αὐτοὺς</em></strong></span> <span class='ocrx_word' id='word_1_157' title='bbox 910 2283 942 2347; x_wconf 74' lang='grc' dir='ltr'>δέ</span> <span class='ocrx_word' id='word_1_158' title='bbox 964 2287 1088 2359; x_wconf 81' lang='grc' dir='ltr'><strong><em>τούτους</em></strong></span> <span class='ocrx_word' id='word_1_159' title='bbox 1111 2279 1153 2368; x_wconf 80' lang='grc' dir='ltr'>(Ἐ</span> 
     </span>
     <span class='ocr_line' id='line_1_21' title="bbox 180 2369 1153 2460; baseline -0.003 -21"><span class='ocrx_word' id='word_1_160' title='bbox 180 2373 370 2457; x_wconf 52' lang='lat' dir='ltr'>monuere)</span> <span class='ocrx_word' id='word_1_161' title='bbox 398 2376 574 2456; x_wconf 81' lang='grc' dir='ltr'><strong><em>καθαρμοὺς</em></strong></span> <span class='ocrx_word' id='word_1_162' title='bbox 596 2376 629 2437; x_wconf 82' lang='grc' dir='ltr'>ἕν</span> <span class='ocrx_word' id='word_1_163' title='bbox 648 2369 792 2460; x_wconf 69' lang='grc' dir='ltr'><strong><em>Ὀλυμπίᾳ</em></strong></span> <span class='ocrx_word' id='word_1_164' title='bbox 814 2375 1062 2459; x_wconf 76' lang='grc' dir='ltr'><strong><em>διαρραψφδῆσαι</em></strong></span> <span class='ocrx_word' id='word_1_165' title='bbox 1084 2374 1153 2456; x_wconf 67' lang='grc' dir='ltr'><strong><em>λέγει</em></strong></span> 
     </span>
     <span class='ocr_line' id='line_1_22' title="bbox 181 2464 1153 2549; baseline -0.002 -22"><span class='ocrx_word' id='word_1_166' title='bbox 181 2464 352 2545; x_wconf 82' lang='grc' dir='ltr'><strong><em>Κλεομένην</em></strong></span> <span class='ocrx_word' id='word_1_167' title='bbox 370 2466 422 2528; x_wconf 83' lang='grc' dir='ltr'>τὸν</span> <span class='ocrx_word' id='word_1_168' title='bbox 440 2465 597 2549; x_wconf 71' lang='grc' dir='ltr'><strong><em>ῥαψῳδόνς</em></strong></span> <span class='ocrx_word' id='word_1_169' title='bbox 617 2466 699 2526; x_wconf 87' lang='lat' dir='ltr'>vides</span> <span class='ocrx_word' id='word_1_170' title='bbox 717 2467 840 2526; x_wconf 88' lang='lat' dir='ltr'>eandem</span> <span class='ocrx_word' id='word_1_171' title='bbox 854 2485 917 2525; x_wconf 88' lang='lat' dir='ltr'>ram</span> <span class='ocrx_word' id='word_1_172' title='bbox 931 2484 950 2524; x_wconf 90' lang='lat' dir='ltr'>a</span> <span class='ocrx_word' id='word_1_173' title='bbox 963 2465 1077 2525; x_wconf 86' lang='lat' dir='ltr'>duobus</span> <span class='ocrx_word' id='word_1_174' title='bbox 1092 2465 1153 2525; x_wconf 73' lang='lat' dir='ltr'>aod«</span> 
     </span>
     <span class='ocr_line' id='line_1_23' title="bbox 180 2554 1153 2634; baseline 0 -19"><span class='ocrx_word' id='word_1_175' title='bbox 180 2557 267 2617; x_wconf 87' lang='lat' dir='ltr'>modo</span> <span class='ocrx_word' id='word_1_176' title='bbox 281 2557 438 2630; x_wconf 69' lang='lat' dir='ltr'>traditam</span> <span class='ocrx_word' id='word_1_177' title='bbox 452 2560 531 2616; x_wconf 91' lang='lat' dir='ltr'>carte</span> <span class='ocrx_word' id='word_1_178' title='bbox 545 2556 624 2614; x_wconf 90' lang='lat' dir='ltr'>unde</span> <span class='ocrx_word' id='word_1_179' title='bbox 636 2555 791 2634; x_wconf 87' lang='lat' dir='ltr'>Diogenes,</span> <span class='ocrx_word' id='word_1_180' title='bbox 803 2554 873 2614; x_wconf 88' lang='lat' dir='ltr'>inde</span> <span class='ocrx_word' id='word_1_181' title='bbox 884 2556 976 2615; x_wconf 88' lang='lat' dir='ltr'>etiam</span> <span class='ocrx_word' id='word_1_182' title='bbox 984 2554 1153 2615; x_wconf 80' lang='lat' dir='ltr'>Athenaeus</span> 
     </span>
     <span class='ocr_line' id='line_1_24' title="bbox 180 2637 1153 2726; baseline 0 -22"><span class='ocrx_word' id='word_1_183' title='bbox 180 2647 286 2722; x_wconf 89' lang='lat' dir='ltr'>Itaque</span> <span class='ocrx_word' id='word_1_184' title='bbox 310 2649 340 2705; x_wconf 92' lang='lat' dir='ltr'>et</span> <span class='ocrx_word' id='word_1_185' title='bbox 362 2637 571 2726; x_wconf 80' lang='lat' dir='ltr'>l’lutarchus¹)</span> <span class='ocrx_word' id='word_1_186' title='bbox 595 2648 626 2705; x_wconf 89' lang='lat' dir='ltr'>et</span> <span class='ocrx_word' id='word_1_187' title='bbox 648 2646 843 2705; x_wconf 84' lang='lat' dir='ltr'>Aristoxenus</span> <span class='ocrx_word' id='word_1_188' title='bbox 867 2646 897 2703; x_wconf 91' lang='lat' dir='ltr'>et</span> <span class='ocrx_word' id='word_1_189' title='bbox 919 2643 1119 2705; x_wconf 85' lang='lat' dir='ltr'>Dicaearchus</span> <span class='ocrx_word' id='word_1_190' title='bbox 1141 2664 1153 2704; x_wconf 86' lang='grc' dir='ltr'><strong><em>τ</em></strong></span> 
     </span>
     <span class='ocr_line' id='line_1_25' title="bbox 181 2733 1153 2811; baseline 0 -17"><span class='ocrx_word' id='word_1_191' title='bbox 181 2755 238 2794; x_wconf 90' lang='lat' dir='ltr'>non</span> <span class='ocrx_word' id='word_1_192' title='bbox 259 2734 368 2806; x_wconf 79' lang='lat' dir='ltr'>Cicero,</span> <span class='ocrx_word' id='word_1_193' title='bbox 391 2737 475 2793; x_wconf 89' lang='lat' dir='ltr'>cuius</span> <span class='ocrx_word' id='word_1_194' title='bbox 498 2734 640 2811; x_wconf 86' lang='lat' dir='ltr'>exemplis</span> <span class='ocrx_word' id='word_1_195' title='bbox 663 2753 747 2793; x_wconf 90' lang='lat' dir='ltr'>suam</span> <span class='ocrx_word' id='word_1_196' title='bbox 767 2733 934 2794; x_wconf 86' lang='lat' dir='ltr'>doctrinam</span> <span class='ocrx_word' id='word_1_197' title='bbox 951 2751 1094 2792; x_wconf 85' lang='lat' dir='ltr'>exornare</span> <span class='ocrx_word' id='word_1_198' title='bbox 1113 2752 1153 2794; x_wconf 84' lang='lat' dir='ltr'>an</span> 
     </span>
     <span class='ocr_line' id='line_1_26' title="bbox 180 2821 1147 2897; baseline -0.003 -14"><span class='ocrx_word' id='word_1_199' title='bbox 180 2827 264 2883; x_wconf 79' lang='lat' dir='ltr'>velut</span> <span class='ocrx_word' id='word_1_200' title='bbox 285 2823 358 2883; x_wconf 88' lang='lat' dir='ltr'>XIII</span> <span class='ocrx_word' id='word_1_201' title='bbox 379 2826 419 2882; x_wconf 82' lang='grc'>25</span> <span class='ocrx_word' id='word_1_202' title='bbox 444 2823 546 2882; x_wconf 87' lang='lat' dir='ltr'>XVIII</span> <span class='ocrx_word' id='word_1_203' title='bbox 567 2826 595 2896; x_wconf 82' lang='lat'>7,</span> <span class='ocrx_word' id='word_1_204' title='bbox 620 2822 659 2882; x_wconf 78' lang='lat' dir='ltr'>ari</span> <span class='ocrx_word' id='word_1_205' title='bbox 681 2823 886 2883; x_wconf 84' lang='lat' dir='ltr'>Arelatensem</span> <span class='ocrx_word' id='word_1_206' title='bbox 908 2821 1033 2895; x_wconf 91' lang='lat' dir='ltr'>ducunt,</span> <span class='ocrx_word' id='word_1_207' title='bbox 1056 2841 1147 2897; x_wconf 86' lang='lat' dir='ltr'>quern</span> 
     </span>
     <span class='ocr_line' id='line_1_27' title="bbox 182 2910 1153 2989; baseline -0.004 -17"><span class='ocrx_word' id='word_1_208' title='bbox 182 2917 331 2972; x_wconf 86' lang='lat' dir='ltr'>auctorem</span> <span class='ocrx_word' id='word_1_209' title='bbox 353 2912 574 2989; x_wconf 75' lang='lat' dir='ltr'>amplectimur,</span> <span class='ocrx_word' id='word_1_210' title='bbox 600 2930 659 2971; x_wconf 90' lang='lat' dir='ltr'>non</span> <span class='ocrx_word' id='word_1_211' title='bbox 682 2929 756 2987; x_wconf 93' lang='lat' dir='ltr'>opus</span> <span class='ocrx_word' id='word_1_212' title='bbox 779 2914 824 2970; x_wconf 86' lang='lat' dir='ltr'>est</span> <span class='ocrx_word' id='word_1_213' title='bbox 846 2910 920 2969; x_wconf 88' lang='lat' dir='ltr'>duos</span> <span class='ocrx_word' id='word_1_214' title='bbox 943 2911 1074 2970; x_wconf 79' lang='lat' dir='ltr'>veltres</span> <span class='ocrx_word' id='word_1_215' title='bbox 1098 2911 1153 2970; x_wconf 71' lang='lat' dir='ltr'>ion*</span> 
     </span>
     <span class='ocr_line' id='line_1_28' title="bbox 180 2992 1153 3079; baseline -0.001 -20"><span class='ocrx_word' id='word_1_216' title='bbox 180 3003 269 3060; x_wconf 90' lang='lat' dir='ltr'>huius</span> <span class='ocrx_word' id='word_1_217' title='bbox 293 3003 400 3078; x_wconf 87' lang='lat' dir='ltr'>capitis</span> <span class='ocrx_word' id='word_1_218' title='bbox 423 3019 537 3060; x_wconf 89' lang='lat' dir='ltr'>sumere</span> <span class='ocrx_word' id='word_1_219' title='bbox 552 3033 595 3042; x_wconf 95' lang='lat'>—</span> <span class='ocrx_word' id='word_1_220' title='bbox 613 3004 651 3059; x_wconf 91' lang='grc'>12</span> <span class='ocrx_word' id='word_1_221' title='bbox 677 3021 711 3058; x_wconf 85' lang='lat' dir='ltr'>ex</span> <span class='ocrx_word' id='word_1_222' title='bbox 733 2999 844 3060; x_wconf 83' lang='lat' dir='ltr'>Catone</span> <span class='ocrx_word' id='word_1_223' title='bbox 863 2993 934 3079; x_wconf 84' lang='lat' dir='ltr'>(Me.</span> <span class='ocrx_word' id='word_1_224' title='bbox 950 3000 1012 3058; x_wconf 83' lang='grc'>662</span> <span class='ocrx_word' id='word_1_225' title='bbox 1033 3000 1088 3057; x_wconf 88' lang='lat' dir='ltr'>Ru.</span> <span class='ocrx_word' id='word_1_226' title='bbox 1107 2992 1153 3078; x_wconf 80' lang='lat'>13]</span> 
     </span>
     <span class='ocr_line' id='line_1_29' title="bbox 184 3088 1153 3166; baseline -0.001 -18"><span class='ocrx_word' id='word_1_227' title='bbox 184 3122 222 3130; x_wconf 89' lang='lat'>—</span> <span class='ocrx_word' id='word_1_228' title='bbox 241 3092 281 3150; x_wconf 88' lang='grc'>13</span> <span class='ocrx_word' id='word_1_229' title='bbox 310 3088 368 3159; x_wconf 83' lang='lat' dir='ltr'>Qui</span> <span class='ocrx_word' id='word_1_230' title='bbox 395 3110 430 3148; x_wconf 86' lang='lat' dir='ltr'>ex</span> <span class='ocrx_word' id='word_1_231' title='bbox 453 3090 657 3166; x_wconf 87' lang='lat' dir='ltr'>Theophrasto</span> <span class='ocrx_word' id='word_1_232' title='bbox 684 3090 739 3148; x_wconf 91' lang='lat' dir='ltr'>hoc</span> <span class='ocrx_word' id='word_1_233' title='bbox 766 3090 856 3166; x_wconf 92' lang='lat' dir='ltr'>caput</span> <span class='ocrx_word' id='word_1_234' title='bbox 884 3088 1073 3165; x_wconf 86' lang='lat' dir='ltr'>desumptum</span> <span class='ocrx_word' id='word_1_235' title='bbox 1100 3092 1153 3166; x_wconf 88' lang='lat' dir='ltr'>put</span> 
     </span>
     <span class='ocr_line' id='line_1_30' title="bbox 182 3176 1154 3255; baseline 0.001 -19"><span class='ocrx_word' id='word_1_236' title='bbox 182 3181 278 3255; x_wconf 91' lang='lat' dir='ltr'>specie</span> <span class='ocrx_word' id='word_1_237' title='bbox 301 3180 327 3237; x_wconf 90' lang='lat' dir='ltr'>is</span> <span class='ocrx_word' id='word_1_238' title='bbox 346 3181 490 3254; x_wconf 85' lang='lat' dir='ltr'>capiatur.</span> <span class='ocrx_word' id='word_1_239' title='bbox 531 3177 691 3238; x_wconf 90' lang='lat' dir='ltr'>Paululum</span> <span class='ocrx_word' id='word_1_240' title='bbox 709 3179 770 3236; x_wconf 86' lang='lat' dir='ltr'>iam</span> <span class='ocrx_word' id='word_1_241' title='bbox 788 3177 914 3237; x_wconf 85' lang='lat' dir='ltr'>offendit</span> <span class='ocrx_word' id='word_1_242' title='bbox 931 3176 1008 3236; x_wconf 90' lang='lat' dir='ltr'>liber</span> <span class='ocrx_word' id='word_1_243' title='bbox 1025 3177 1154 3254; x_wconf 86' lang='lat' dir='ltr'>philoso1</span> 
     </span>
     <span class='ocr_line' id='line_1_31' title="bbox 181 3264 1154 3343; baseline 0 -18"><span class='ocrx_word' id='word_1_244' title='bbox 181 3268 291 3326; x_wconf 90' lang='lat' dir='ltr'>allatus</span> <span class='ocrx_word' id='word_1_245' title='bbox 314 3268 397 3325; x_wconf 87' lang='lat' dir='ltr'>nulla</span> <span class='ocrx_word' id='word_1_246' title='bbox 420 3267 523 3326; x_wconf 87' lang='lat' dir='ltr'>addita</span> <span class='ocrx_word' id='word_1_247' title='bbox 545 3267 746 3342; x_wconf 84' lang='lat' dir='ltr'>inscriptione.</span> <span class='ocrx_word' id='word_1_248' title='bbox 790 3265 886 3335; x_wconf 78' lang='lat' dir='ltr'>Quam</span> <span class='ocrx_word' id='word_1_249' title='bbox 909 3285 976 3325; x_wconf 91' lang='lat' dir='ltr'>cum</span> <span class='ocrx_word' id='word_1_250' title='bbox 999 3264 1154 3343; x_wconf 79' lang='lat' dir='ltr'>supplendi</span> 
     </span>
     <span class='ocr_line' id='line_1_32' title="bbox 182 3353 1154 3432; baseline -0.001 -17"><span class='ocrx_word' id='word_1_251' title='bbox 182 3375 243 3415; x_wconf 88' lang='lat' dir='ltr'>esse</span> <span class='ocrx_word' id='word_1_252' title='bbox 263 3358 294 3413; x_wconf 90' lang='lat' dir='ltr'>in</span> <span class='ocrx_word' id='word_1_253' title='bbox 314 3360 461 3432; x_wconf 89' lang='lat' dir='ltr'>apparatu</span> <span class='ocrx_word' id='word_1_254' title='bbox 480 3357 582 3415; x_wconf 90' lang='lat' dir='ltr'>critico</span> <span class='ocrx_word' id='word_1_255' title='bbox 602 3357 805 3431; x_wconf 86' lang='lat' dir='ltr'>proposuerim</span> <span class='ocrx_word' id='word_1_256' title='bbox 824 3356 965 3415; x_wconf 91' lang='lat' dir='ltr'>omissam</span> <span class='ocrx_word' id='word_1_257' title='bbox 983 3353 1085 3414; x_wconf 86' lang='lat' dir='ltr'>eodem</span> <span class='ocrx_word' id='word_1_258' title='bbox 1099 3372 1154 3414; x_wconf 82' lang='lat' dir='ltr'>mo</span> 
     </span>
     <span class='ocr_line' id='line_1_33' title="bbox 182 3442 1154 3522; baseline 0.002 -20"><span class='ocrx_word' id='word_1_259' title='bbox 182 3465 241 3521; x_wconf 92' lang='lat' dir='ltr'>quo</span> <span class='ocrx_word' id='word_1_260' title='bbox 264 3444 365 3521; x_wconf 89' lang='lat' dir='ltr'>paucis</span> <span class='ocrx_word' id='word_1_261' title='bbox 389 3448 458 3520; x_wconf 92' lang='lat' dir='ltr'>post</span> <span class='ocrx_word' id='word_1_262' title='bbox 479 3443 625 3520; x_wconf 81' lang='lat' dir='ltr'>versibus,</span> <span class='ocrx_word' id='word_1_263' title='bbox 649 3445 721 3520; x_wconf 88' lang='lat' dir='ltr'>quin</span> <span class='ocrx_word' id='word_1_264' title='bbox 744 3444 899 3522; x_wconf 88' lang='lat' dir='ltr'>inscriptio</span> <span class='ocrx_word' id='word_1_265' title='bbox 922 3442 992 3502; x_wconf 89' lang='lat' dir='ltr'>libri</span> <span class='ocrx_word' id='word_1_266' title='bbox 1015 3442 1154 3504; x_wconf 88' lang='lat' dir='ltr'>Democri</span> 
     </span>
    </p>
   </div>
   <div class='ocr_carea' id='block_1_6' title="bbox 182 3612 1155 3953">
    <p class='ocr_par' dir='ltr' id='par_1_6' title="bbox 182 3612 1155 3953">
     <span class='ocr_line' id='line_1_34' title="bbox 182 3612 1155 3684; baseline 0 -16"><span class='ocrx_word' id='word_1_267' title='bbox 182 3615 286 3669; x_wconf 87' lang='lat' dir='ltr'>haedos</span> <span class='ocrx_word' id='word_1_268' title='bbox 300 3614 453 3668; x_wconf 87' lang='lat' dir='ltr'>teneriores</span> <span class='ocrx_word' id='word_1_269' title='bbox 467 3613 579 3668; x_wconf 86' lang='lat' dir='ltr'>eosdem</span> <span class='ocrx_word' id='word_1_270' title='bbox 593 3631 654 3668; x_wconf 89' lang='lat' dir='ltr'>esse</span> <span class='ocrx_word' id='word_1_271' title='bbox 667 3630 713 3668; x_wconf 88' lang='lat' dir='ltr'>ms</span> <span class='ocrx_word' id='word_1_272' title='bbox 726 3613 803 3668; x_wconf 88' lang='lat' dir='ltr'>subit</span> <span class='ocrx_word' id='word_1_273' title='bbox 812 3614 947 3684; x_wconf 71' lang='lat' dir='ltr'>suspicio,</span> <span class='ocrx_word' id='word_1_274' title='bbox 962 3613 1092 3669; x_wconf 80' lang='lat' dir='ltr'>confudit</span> <span class='ocrx_word' id='word_1_275' title='bbox 1100 3612 1155 3684; x_wconf 89' lang='lat' dir='ltr'>igit</span> 
     </span>
     <span class='ocr_line' id='line_1_35' title="bbox 182 3685 915 3756; baseline -0.001 -17"><span class='ocrx_word' id='word_1_276' title='bbox 182 3702 254 3754; x_wconf 88' lang='lat' dir='ltr'>quae</span> <span class='ocrx_word' id='word_1_277' title='bbox 273 3685 363 3739; x_wconf 89' lang='lat' dir='ltr'>ederit</span> <span class='ocrx_word' id='word_1_278' title='bbox 382 3685 557 3753; x_wconf 81' lang='lat' dir='ltr'>Pythagoras</span> <span class='ocrx_word' id='word_1_279' title='bbox 575 3701 703 3756; x_wconf 87' lang='lat' dir='ltr'>quaeque</span> <span class='ocrx_word' id='word_1_280' title='bbox 722 3685 915 3740; x_wconf 84' lang='lat' dir='ltr'>immolaverit.</span> 
     </span>
     <span class='ocr_line' id='line_1_36' title="bbox 254 3755 1155 3827; baseline 0.002 -17"><span class='ocrx_word' id='word_1_281' title='bbox 254 3759 288 3826; x_wconf 88' lang='lat'>1)·</span> <span class='ocrx_word' id='word_1_282' title='bbox 299 3757 351 3810; x_wconf 87' lang='lat' dir='ltr'>Vd.</span> <span class='ocrx_word' id='word_1_283' title='bbox 367 3759 395 3810; x_wconf 83' lang='lat' dir='ltr'>et</span> <span class='ocrx_word' id='word_1_284' title='bbox 409 3755 541 3824; x_wconf 84' lang='lat' dir='ltr'>Rudolph</span> <span class='ocrx_word' id='word_1_285' title='bbox 555 3755 655 3810; x_wconf 89' lang='lat' dir='ltr'>Philol.</span> <span class='ocrx_word' id='word_1_286' title='bbox 671 3756 761 3827; x_wconf 87' lang='lat' dir='ltr'>suppl.</span> <span class='ocrx_word' id='word_1_287' title='bbox 777 3756 815 3811; x_wconf 85' lang='lat' dir='ltr'>VI</span> <span class='ocrx_word' id='word_1_288' title='bbox 831 3762 880 3810; x_wconf 83' lang='grc'>121</span> <span class='ocrx_word' id='word_1_289' title='bbox 964 3758 991 3826; x_wconf 89' lang='grc'>2)</span> <span class='ocrx_word' id='word_1_290' title='bbox 1009 3756 1062 3811; x_wconf 79' lang='lat' dir='ltr'>vd.</span> <span class='ocrx_word' id='word_1_291' title='bbox 1077 3773 1105 3825; x_wconf 86' lang='lat' dir='ltr'>p.</span> <span class='ocrx_word' id='word_1_292' title='bbox 1122 3756 1155 3812; x_wconf 77' lang='lat' dir='ltr'>X]</span> 
     </span>
     <span class='ocr_line' id='line_1_37' title="bbox 200 3826 1155 3952; baseline 0.002 -71"><span class='ocrx_word' id='word_1_293' title='bbox 200 3900 213 3952; x_wconf 61' lang='lat' dir='ltr'><strong>f</strong></span> <span class='ocrx_word' id='word_1_294' title='bbox 247 3833 280 3952; x_wconf 51' lang='lat' dir='ltr'>fi)</span> <span class='ocrx_word' id='word_1_295' title='bbox 299 3828 340 3881; x_wconf 77' lang='lat' dir='ltr'>Ili</span> <span class='ocrx_word' id='word_1_296' title='bbox 352 3827 476 3882; x_wconf 84' lang='lat' dir='ltr'>Masurio</span> <span class='ocrx_word' id='word_1_297' title='bbox 489 3827 592 3882; x_wconf 87' lang='lat' dir='ltr'>Sabino</span> <span class='ocrx_word' id='word_1_298' title='bbox 602 3827 664 3882; x_wconf 87' lang='lat' dir='ltr'>coll.</span> <span class='ocrx_word' id='word_1_299' title='bbox 676 3834 718 3895; x_wconf 74' lang='lat'>20,</span> <span class='ocrx_word' id='word_1_300' title='bbox 731 3834 763 3883; x_wconf 89' lang='lat'>11</span> <span class='ocrx_word' id='word_1_301' title='bbox 774 3827 822 3898; x_wconf 81' lang='lat' dir='ltr'>(vl</span> <span class='ocrx_word' id='word_1_302' title='bbox 832 3829 878 3898; x_wconf 88' lang='grc'>22)</span> <span class='ocrx_word' id='word_1_303' title='bbox 886 3826 940 3882; x_wconf 82' lang='lat' dir='ltr'>Me.</span> <span class='ocrx_word' id='word_1_304' title='bbox 951 3828 1029 3897; x_wconf 87' lang='lat' dir='ltr'>apud</span> <span class='ocrx_word' id='word_1_305' title='bbox 1038 3826 1155 3883; x_wconf 85' lang='lat' dir='ltr'>Hertaiu</span> 
     </span>
     <span class='ocr_line' id='line_1_38' title="bbox 183 3904 418 3953; baseline 0 -1"><span class='ocrx_word' id='word_1_306' title='bbox 183 3918 231 3952; x_wconf 91' lang='lat' dir='ltr'>cr.</span> <span class='ocrx_word' id='word_1_307' title='bbox 277 3904 361 3953; x_wconf 84' lang='lat' dir='ltr'>ilnzer</span> <span class='ocrx_word' id='word_1_308' title='bbox 376 3904 418 3952; x_wconf 84' lang='lat'>60.</span> 
     </span>
    </p>
   </div>
   <div class='ocr_carea' id='block_1_7' title="bbox 0 0 1200 4298">
    <p class='ocr_par' dir='ltr' id='par_1_7' title="bbox 0 0 1200 4298">
     <span class='ocr_line' id='line_1_39' title="bbox 0 0 1200 4298; baseline 0 0"><span class='ocrx_word' id='word_1_309' title='bbox 0 0 1200 4298; x_wconf 95' lang='lat' dir='ltr'> </span> 
     </span>
    </p>
   </div>
  </div>
 </body>
</html>
