2144 4328
100 561 126 615 X
502 557 708 616 ameno

101 723 159 789 PV
186 729 311 790 inferior
336 732 396 805 est3
421 748 491 789 nam
514 727 628 790 (lraeon
653 730 756 789 omnia
778 729 896 789 omittit
917 729 1017 805 spatio

102 839 202 879 rarum
225 819 338 879 relicto.
931 817 936 825 ’

168 908 292 968 Accedit
315 908 362 968 his
384 907 535 968 codicibus
557 906 767 985 mpemtifibue
788 904 967 982 Hieronymi
988 904 1023 963 Bu

67 999 175 1079 pliber
203 990 264 1079 (β),
296 999 380 1057 cuine
411 1014 595 1074 quamquam
625 997 767 1057 lectiones
793 994 955 1055 nonnullae
982 996 1025 1053 eti

102 1088 186 1145 libris
214 1086 257 1145 IX
284 1087 311 1146 X
338 1084 410 1145 XVI
435 1085 523 1145 XVII
547 1084 649 1145 XVIII
675 1088 808 1145 atatem
833 1084 1026 1157 talemnt,t

102 1196 168 1235 cum
197 1177 284 1253 longe
311 1176 443 1252 plurima
464 1193 536 1253 pm
557 1173 597 1234 od
617 1174 729 1235 libmm
751 1173 767 1231 I
788 1174 953 1250 petineat,
978 1174 1027 1232 ian

102 1266 167 1323 loco
184 1268 368 1341 pertractare
384 1264 493 1341 pleoet
528 1262 626 1324 Huius
641 1264 782 1323 notitiam
795 1264 950 1338 eooeptam
962 1262 1028 1321 refe

102 1356 232 1412 maxima
260 1372 275 1412 e
303 1355 389 1430 parto
415 1352 594 1428 Lcmioni3
623 1370 721 1429 pauca
746 1351 940 1411 contulerunt
965 1349 1029 1411 Can

103 1443 286 1516 ltecvnrdua
309 1443 472 1517 Il’uterim,
496 1440 626 1519 Lipsius,
648 1439 824 1519 (liphaniue,
846 1441 884 1499 al
930 1439 1031 1499 llemo

102 1538 180 1591 certe
208 1538 240 1590 et
260 1533 382 1608 proprio
403 1530 499 1610 gradu
521 1530 574 1590 ille
595 1530 673 1590 liber
693 1531 773 1589 inter
794 1532 908 1589 ceterae
930 1528 1032 1588 memlt

103 1626 171 1679 stat.
213 1622 291 1679 Nem
315 1640 382 1680 oum
404 1621 433 1679 ei
454 1620 526 1680 illae
547 1624 649 1696 partes
670 1618 843 1695 deperditae
865 1616 1033 1694 capituml

103 1712 121 1767 3
145 1712 239 1768 insint
262 1712 293 1768 et
314 1711 385 1769 aute
407 1712 592 1785 protnactum
614 1708 746 1769 codicem
767 1708 947 1782 reeriptum
968 1706 1030 1766 nisi

101 1818 160 1857 nou
184 1800 376 1872 innotuerint,
398 1799 460 1857 iam
482 1816 549 1874 spos
571 1799 689 1857 exsistit
705 1795 827 1856 affinem
843 1796 927 1855 illiue
945 1795 1017 1855 libri
1033 1816 1037 1872 j

102 1888 259 1946 clauiseimi
282 1891 386 1946 natum
409 1905 482 1961 esee,
505 1890 583 1947 certe
606 1885 738 1947 codicem
760 1884 882 1963 grandis
905 1888 1037 1964 etqueg

101 1976 246 2052 ponderis.
285 1974 366 2044 Quee
384 1994 451 2052 epee
470 1975 677 2035 corroboratur
694 1975 778 2034 nobie
792 1974 1039 2033 invenientibusc

102 2065 202 2123 XVIII
224 2068 366 2140 9,1sqq.
395 2068 425 2123 in
454 2084 488 2123 eo
516 2065 579 2124 solo
607 2065 744 2123 lacunam
771 2063 852 2122 haud
876 2065 965 2139 parvi
987 2062 1041 2121 aum

101 2155 277 2231 suppletam.
323 2155 465 2213 Attamen
493 2171 573 2230 spes,
601 2173 690 2230 quam
718 2156 780 2211 iam
807 2151 993 2228 exploratam
1016 2169 1043 2228 ol

102 2244 216 2316 bamur,
238 2262 291 2302 uos
314 2243 483 2302 ductetur.
526 2243 603 2302 Nam
626 2262 722 2318 neque
745 2243 883 2319 cognatio
905 2242 986 2300 inter
1003 2237 1033 2299 Δ

101 2335 194 2390 statui
220 2335 320 2409 potest
347 2334 490 2391 sexcentis
517 2332 590 2391 locis
616 2334 696 2390 iuter
722 2349 753 2390 se
781 2331 996 2406 discrepantes,
1024 2350 1043 2388 n

102 2440 175 2494 quas
211 2423 347 2498 proprias
383 2423 524 2480 lectiones
556 2422 575 2498 β
607 2422 737 2494 exhibet,
770 2420 876 2479 ceteris
909 2420 1047 2478 anteferet

101 2509 247 2568 videntur.
298 2511 376 2568 Nam
403 2510 549 2587 plurimae
576 2512 621 2568 ite
647 2510 892 2586 interpolatorem
921 2510 1045 2584 sopiunt

101 2600 192 2656 etiam
207 2601 238 2657 in
254 2600 376 2675 reliquis
390 2600 494 2658 ducem
507 2598 632 2657 infidum
647 2601 731 2675 sequi
744 2598 920 2657 dubitemus.
960 2597 1001 2655 Ilt
1014 2617 1051 2673 qu

101 2706 191 2762 quam
214 2707 272 2746 uon
296 2691 393 2765 ipsum
418 2687 589 2746 Carrionem
612 2687 725 2747 fraudis
743 2687 912 2746 insimulari
930 2704 1052 2762 poseep

101 2777 180 2849 quod
211 2778 348 2836 nonnulli
379 2778 514 2836 fecerunt
539 2809 577 2818 -
603 2796 673 2835 nam
704 2779 795 2836 etiam
828 2775 935 2834 menda
965 2775 1054 2834 ealan

101 2863 199 2923 codice
226 2867 280 2924 illo
308 2870 338 2925 et
363 2867 454 2925 verba
477 2868 586 2925 omissa
607 2866 736 2942 protulit
756 2885 865 2941 neque,
893 2883 971 2940 quae
992 2866 1056 2923 inve

100 2955 201 3012 omnia
222 2956 286 3030 ipse
308 2956 417 3032 probat
437 2987 487 3028 —,
509 2960 609 3014 tamen
629 2955 728 3013 codice
748 2972 819 3013 usne
838 2956 884 3013 est
901 2972 1008 3013 manus
1026 2955 1057 3012 in

100 3041 244 3117 polaton‘s
275 3062 414 3119 perpesso
446 3046 567 3119 eiusque
600 3044 720 3103 audacis
750 3043 839 3102 simul
867 3045 897 3101 et
923 3044 1034 3119 inepti,

100 3129 113 3186 l
136 3134 164 3203 7,
184 3132 202 3189 9
227 3150 294 3189 cum
316 3133 392 3191 illud
415 3132 457 3194 Οἱ.
478 3125 697 3214 (Qucdrlparc'i)
721 3132 891 3192 dissolverit
912 3134 944 3190 in
968 3135 1060 3193 centes

100 3221 343 3294 pecinqccepceima
368 3225 461 3281 n'eum
485 3225 605 3281 moveat
627 3222 673 3281 vel
697 3214 830 3302 tironi¹),
853 3240 920 3279 cum
943 3222 1016 3279 tunc
1040 3222 1062 3296 Q

100 3307 226 3381 driparii
252 3310 333 3367 tertio
360 3312 495 3384 omittat,
523 3311 689 3370 consultam
716 3329 802 3370 suam
828 3309 931 3386 prodit
953 3311 1062 3386 interpc

99 3394 219 3459 tionem.
261 3398 344 3457 ldem
367 3418 436 3458 cnm
454 3402 607 3477 scripeen't
625 3400 640 3458 I
660 3403 689 3473 9,
709 3402 727 3458 3
747 3402 818 3472 qum
837 3403 864 3458 et
880 3402 992 3472 ternpus
1009 3416 1062 3458 cen

100 3489 250 3551 deludat,
269 3493 302 3546 ut
320 3493 453 3558 lacerent,
470 3506 530 3548 nen
547 3491 580 3547 in
597 3505 695 3548 omncs
711 3489 797 3557 idern,
815 3490 865 3548 eccl
883 3488 951 3547 aliie
965 3488 1062 3561 aliud¹

101 3619 152 3632 ...
171 3577 217 3634 lie
239 3581 336 3636 cutem
356 3580 407 3652 qui
424 3578 556 3637 tacebant
573 3582 599 3636 ct
616 3596 691 3650 quac
709 3596 769 3654 eqe.
787 3578 866 3636 unde
884 3579 1050 3637 commotus

100 3664 210 3723 collata
232 3667 415 3742 reliquorum
436 3667 563 3726 lectione
587 3668 674 3726 facile
697 3668 891 3745 intellegitur,
915 3668 989 3725 item
1011 3665 1062 3726 15

99 3755 210 3812 sincero
233 3759 259 3814 ct
283 3747 349 3835 (cfr.
368 3751 396 3816 R
414 3750 560 3838 ccreoquc)
585 3760 615 3815 et
640 3759 727 3830 15,1
749 3758 898 3830 aptissime
915 3756 982 3814 eceli
1001 3748 1062 3835 (cfr

172 3944 198 4010 1)
217 3940 353 3997 Similiter
370 3942 382 3996 I
399 3948 440 4009 13,
456 3947 471 3996 7
490 3946 537 3998 cai
553 3962 572 3998 a
591 3959 645 4012 rep.
664 3959 716 4012 pro
735 3945 800 3999 ceeia
818 3961 868 3999 ree.
