2144 4328
379 538 690 597 cnsuvmcmx
1004 547 1048 612 23

48 700 82 765 V
109 702 291 768 ‘Avarus'
316 701 501 787 simplexne
522 704 717 769 vocabulum
739 706 796 787 sit,
820 730 864 771 au
885 711 1048 792 composi·

10 792 60 861 'm
80 798 116 857 st
140 794 294 877 duplex,
319 792 407 857 sicut
427 790 463 855 P.
481 789 617 879 Nigidio
639 793 774 858 videtur.

58 878 107 945 Vl
140 880 300 946 Multam
328 880 450 947 dictam
476 902 547 946 esse
572 882 614 946 ab
642 882 801 948 aedilibus
823 882 930 968 plebei
954 883 1043 969 Appi

10 966 93 1035 'usu
103 970 213 1051 filiae,
232 970 371 1058 mulieri
384 968 499 1053 nobili,
512 971 599 1055 quod
613 970 723 1036 locuta
736 975 821 1036 esset
834 972 1041 1057 petulantius.

25 1086 32 1093 ·
66 1056 131 1123 vn
169 1058 387 1141 Fluminum,
421 1080 504 1144 quae
535 1059 621 1123 ultra
652 1060 824 1144 imperium
858 1059 1039 1126 Romanum

131 1149 249 1233 prima
263 1147 491 1234 magnitudine
504 1169 573 1213 esse
587 1147 710 1229 Nilum,
729 1150 869 1213 secunda
882 1148 1042 1232 Histrum,

44 1240 48 1247 '
91 1237 100 1248 ’
167 1235 361 1321 Rodanum,
379 1235 475 1301 sicuti
489 1236 530 1300 Μ.
545 1235 725 1302 Varronem
743 1238 875 1302 memini
892 1239 1040 1303 scribere.

52 1380 55 1385 .
81 1322 156 1389 vul
172 1323 276 1389 luter
293 1326 489 1411 ignominias
503 1325 668 1407 militares,
687 1325 805 1411 quibus
819 1326 938 1391 milites
954 1347 1040 1391 coer-

165 1464 175 1495 ,
192 1414 298 1477 fuisse
316 1414 483 1499 sanguinis
497 1415 732 1498 dimissionem
751 1418 784 1478 et
797 1436 954 1497 quaenam
971 1438 1040 1479 esse

47 1497 160 1566 uetur
181 1524 284 1567 musa
305 1501 529 1567 huiuscemodi
551 1504 782 1589 castigationis.

51 1670 59 1687 ·
91 1586 133 1654 lx
166 1588 296 1667 Quibus
332 1591 436 1656 modis
469 1612 598 1675 quoque
629 1593 744 1656 habitu
776 1592 860 1657 acies
892 1590 1041 1657 Romana

51 1679 262 1831 utrubifflsolita
293 1680 349 1761 sit3
380 1701 526 1764 quaeque
557 1702 667 1746 earum
696 1680 946 1745 instructionum
974 1680 1042 1744 sint

46 1780 108 1829 ,Μ

98 1852 232 1932 XQuse
254 1856 324 1921 eius
345 1857 393 1922 rei
416 1876 512 1921 causa
534 1857 587 1941 sit,
610 1859 697 1940 quod
720 1862 753 1922 et
776 1855 890 1922 Graeci
913 1863 1037 1922 veteres

54 1938 212 2009 summi
238 1944 370 2010 anulum
398 1944 462 2010 boc
488 1946 592 2032 digito
615 1947 824 2031 gestaverint,
852 1946 909 2030 qui
932 1947 1040 2011 estin

55 2046 125 2094 mu
144 2033 269 2098 sinistra
291 2035 426 2099 minimo
450 2037 625 2118 proximus.

71 2117 139 2215 ..xl
163 2120 302 2187 Verbum
326 2123 474 2188 ‘mature'
499 2124 577 2207 quid
600 2124 761 2208 significet
784 2145 930 2207 quaeque
949 2124 1039 2186 vocis

59 2222 106 2269 aus
125 2210 198 2273 ratio
225 2212 281 2293 sit3
309 2216 341 2276 et
367 2213 452 2296 quod
475 2234 513 2276 eo
537 2212 635 2275 verbo
659 2212 774 2297 volgus
798 2211 966 2275 hominum
991 2213 1038 2274 iu-

58 2298 155 2376 pupule
173 2306 292 2381 utatur3
315 2306 411 2384 'atque
435 2300 525 2383 inibi,
549 2301 635 2384 quod
659 2300 820 2384 ‘praecox’
841 2300 1036 2364 declinatum

170 2388 206 2451 ie’
228 2390 333 2471 faciat,
356 2411 422 2453 nou
445 2389 668 2472 ‘praecoquis’.

61 2553 67 2565 ·
106 2470 156 2536 llll
174 2475 219 2541 De
236 2480 394 2561 portentis
413 2477 605 2560 fabularum,
624 2500 705 2561 quae
724 2476 849 2542 Plinius
870 2474 1035 2540 Secundus

59 2557 240 2653 udguusime
267 2567 301 2630 in
329 2566 551 2631 Democritum
578 2565 809 2651 philosophum
839 2566 976 2646 confert3
1004 2573 1037 2629 et

59 2640 149 2713 rbidem
167 2653 201 2717 de
222 2655 394 2720 simulacro
417 2656 541 2720 volucri
564 2655 740 2720 columbae.

59 2734 169 2881 dilllll
197 2741 287 2808 ‘Cum
315 2746 432 2828 partim
460 2744 639 2808 homiuum‘
669 2766 732 2827 qua
760 2744 885 2807 ratione
913 2747 1036 2806 veteres

86 2834 173 2893 unu

108 2910 168 2979 ΧΠ
199 2918 331 2984 ‘Iniuria
365 2921 445 2985 mihi
478 2922 600 2986 factum
631 2921 707 2984 itur’
743 2918 831 3003 quali
863 2919 1034 2982 verborum

61 2998 144 3066 ⁰1liue
161 3005 232 3072 Cato
255 3010 382 3073 dixerit.

108 3087 155 3154 XV
171 3096 217 3162 De
234 3098 375 3163 flaminis
388 3097 491 3162 Dialis
508 3100 611 3182 dequo
625 3097 806 3161 flaminicae
820 3096 1039 3175 caerimoniis3

60 3174 181 3264 mleque
199 3208 237 3250 ex
256 3187 362 3251 edicto
380 3188 537 3270 praetoris
557 3188 715 3271 apposita,
739 3186 856 3269 quibus
876 3186 953 3248 dicit
971 3206 1038 3247 uon

60 3270 203 3414 ffilssmm
220 3297 255 3339 se
273 3276 314 3339 ad
332 3277 502 3340 iurandum
521 3297 626 3358 neque
644 3275 785 3360 virgines
801 3273 919 3338 Vestae
933 3294 1038 3354 noque

117 3375 161 3422 un

93 3440 167 3539 ’XVI
192 3450 276 3528 Quos
300 3474 423 3517 errores
442 3452 545 3518 Iulius
564 3450 715 3538 Hyginus
734 3453 768 3515 in
787 3455 879 3514 sexto
898 3447 1038 3532 Vergilii

59 3536 277 3605 uuuveuerit
299 3542 334 3605 in
357 3541 504 3607 Romana
527 3541 663 3606 historia
685 3547 815 3604 erratoa

97 3616 183 3715 ,llll
205 3628 308 3706 Quam
332 3632 374 3695 ob
399 3654 529 3696 causam
552 3634 585 3694 et
607 3629 695 3714 quali
718 3629 814 3692 modo
834 3623 1040 3690 Democritus

10 3736 14 3765 ¹
61 3700 232 3798 lhlouphus
246 3718 424 3784 luminibus
440 3722 608 3785 oculorum
622 3740 691 3783 sese
700 3717 888 3802 privaverit3
903 3718 934 3776 et
944 3733 1043 3795 super

10 3834 12 3841 ·
60 3808 90 3853 ⁶⁸
110 3816 135 3860 10
155 3824 253 3872 versus
276 3808 407 3873 Laberii
433 3832 514 3894 pure
541 3809 713 3872 admodum
741 3810 774 3869 et
796 3806 929 3867 venuste
953 3801 1041 3864 facti.

10 3980 12 3985 Ι
113 3882 199 3958 XVIII
225 3895 372 3963 Historia
394 3899 434 3962 de
457 3897 644 3975 Artemisia3
668 3896 770 3978 deque
794 3914 832 3956 co
856 3890 1041 3967 certamine,
