2144 4328
53 542 96 605 84
528 534 542 589 1
560 540 595 589 11

18 724 40 770 ‚4
118 701 170 767 An
198 706 306 765 autem
332 698 522 783 ‘superesse’
546 696 687 762 dixerint
709 700 835 761 veteres
858 692 956 779 pro‘

18 811 39 857 ,5
52 797 84 857 et
112 791 323 876 perficiendae
351 789 397 852 rei
426 788 557 869 deessrr’,
585 786 828 869 quaerebamus.
879 782 967 849 Nam
993 778 1016 845 S

55 881 197 944 iustius
216 881 249 942 in
269 877 505 962 significatione
522 876 585 940 ista
598 896 665 939 non
680 873 885 958 tsuperesse’,
902 870 982 937 ssd‘

54 971 135 1033 rare'
165 969 249 1031 dicit.
296 966 405 1030 Verba
432 965 500 1029 eius
523 966 561 1028 in
584 961 774 1048 Iugurtha
797 959 921 1045 (LXX
934 960 974 1043 2)

53 1063 141 1121 sunt:
174 1054 209 1120 Is
243 1056 467 1138 plerumque
497 1073 670 1118 seorsum
698 1073 718 1116 a
744 1071 835 1135 rege
862 1047 1008 1115 exercit

52 1145 208 1209 ductare
237 1149 274 1207 et
297 1143 419 1206 omnis
442 1163 502 1206 res
526 1140 665 1223 exequi
687 1139 832 1205 solitus
855 1142 953 1221 erat,
977 1156 997 1221 q

50 1230 262 1317 Iugurthae
294 1231 396 1295 fesso
428 1234 495 1294 aut
526 1229 740 1293 maioribus
770 1226 937 1293 astricto
962 1246 1002 1291 su

24 1323 237 1387 craverant.
281 1318 344 1383 Sed
362 1318 543 1383 invenimus
562 1319 600 1381 in
619 1317 739 1381 tertio
758 1314 860 1381 Enni
878 1312 1004 1380 annali

50 1410 127 1490 (164
144 1408 339 1491 111143.)
363 1408 397 1471 in
419 1407 483 1470 hoc
506 1428 614 1471 versu:

95 1550 182 1614 inde
206 1549 280 1611 sibi
305 1552 626 1613 memoraturum
650 1568 767 1630 super
784 1567 869 1612 esse
886 1545 1012 1611 labore

53 1692 85 1754 id
109 1696 157 1755 est
181 1691 312 1754 relicum
332 1711 401 1754 esse
422 1695 455 1753 et
472 1694 603 1772 restare,
626 1688 723 1772 quod,
745 1688 823 1771 quia
840 1687 875 1752 id
893 1682 1002 1769 eali

52 1780 325 1861 pronuntiandum
358 1781 420 1860 est,
451 1782 489 1841 ut
519 1799 587 1842 non
618 1799 684 1841 una
715 1799 791 1860 pars
822 1776 977 1842 orationis

18 1868 211 1948 audeatur,
239 1867 292 1931 sed
321 1867 409 1930 duae.
457 1864 591 1930 Cicero
615 1870 724 1930 autem
747 1866 787 1929 iu
810 1864 978 1930 secunda

52 1956 294 2019 tonianarunr
319 1954 480 2035 (Plan
488 1959 542 2031 29,
558 1960 629 2036 71),
654 1954 741 2036 quod
765 1958 815 2018 est
837 1954 986 2035 relicum,

53 2043 253 2126 ‘superesse’,
277 2043 331 2106 sed
356 2043 498 2107 ‘restare'
524 2044 610 2107 dicit.

18 2150 43 2198 la
121 2130 251 2196 Praeter
291 2130 370 2194 haec
410 2133 598 2213 ‘superesse’
638 2132 819 2195 invenimus
857 2130 979 2195 dictum

18 2240 42 2286 la
55 2221 272 2305 ‘superstitem
306 2221 394 2283 esse'.
446 2217 495 2283 Ita
527 2221 612 2284 eninr
646 2220 803 2302 scriptum
832 2224 882 2284 est
910 2220 949 2283 in
974 2214 1023 2283 lit

54 2309 309 2391 epistularum
338 2307 379 2370 ll.
405 2307 604 2372 Ciceronis
634 2310 679 2372 ad
707 2308 742 2372 L.
767 2307 952 2372 Plancum
978 2310 1009 2370 et
1029 2302 1057 2379 i,

56 2397 223 2480 epistula
252 2396 293 2459 M.
318 2395 428 2460 Asini
461 2396 655 2461 Pollionis
688 2397 733 2461 ad
764 2395 987 2461 Ciceronem
1015 2388 1034 2475 (
1059 2472 1064 2485 ι

53 2485 292 2565 111111Χ33,5)
312 2484 417 2548 verbis
440 2484 504 2548 his:
528 2484 622 2549 Nam
650 2506 772 2568 neque
797 2486 930 2549 deesse
951 2482 1064 2565 reipil

57 2574 179 2637 blicae
208 2575 297 2637 volo
323 2595 445 2656 neque
469 2596 687 2657 superesse,
714 2595 772 2656 per
796 2574 884 2655 quod
908 2570 1064 2659 signifiat,

18 2681 47 2727 20
58 2663 85 2726 si
108 2662 290 2745 respublica
314 2664 488 2726 emoriatur
511 2668 543 2726 et
567 2667 685 2746 pereat,
708 2662 796 2726 nolle
819 2684 854 2726 se
878 2662 991 2726 vivere.
1029 2652 1064 2723 ΙΙ

57 2748 187 2815 Plauti
205 2756 311 2814 autem
328 2749 509 2815 Asinaria
528 2752 730 2816 manifestius
749 2751 782 2814 id
798 2751 907 2833 ipsum
923 2750 1064 2833 scriptun

59 2843 107 2903 est
121 2840 155 2903 in
169 2838 219 2903 his
235 2840 389 2921 versibus,
403 2840 459 2922 qui
474 2845 549 2903 sunt
564 2841 631 2905 eius
647 2839 832 2904 comoediae
846 2840 943 2924 primi
960 2834 1064 2925 (v.16)=

104 2981 204 3044 sistit
227 2985 332 3045 tuum
357 2983 413 3045 ris
438 2982 589 3045 unicum
614 2985 770 3065 gnatum
795 2986 883 3044 tuse

105 3067 303 3151 supere'sse
327 3070 428 3134 ritae
452 3071 638 3153 respirem
663 3075 699 3133 et
723 3068 983 3151 superstitem.

18 3229 49 3277 21
129 3207 276 3273 Cavenda
299 3212 399 3296 igitur
421 3216 469 3275 est
492 3232 557 3274 non
579 3211 794 3294 inproprietas
814 3210 884 3274 sola
903 3210 1003 3293 verbi,
1024 3206 1064 3273 ssi

61 3299 157 3364 etiam
186 3300 327 3381 pravitas
356 3301 486 3381 ominis,
514 3300 541 3363 si
570 3300 641 3381 quis
670 3300 777 3363 senior
803 3299 981 3364 advocatus
1005 3296 1064 3363 adu

61 3389 194 3454 lescenti
219 3388 394 3471 ‘superesse
418 3389 462 3452 se'
488 3389 580 3452 dicat.

137 3588 150 3635 1
172 3580 239 3635 CGL
253 3580 292 3635 IV
306 3586 366 3647 465,
382 3588 428 3646 50;
447 3586 508 3647 571,
525 3587 557 3634 13
667 3585 700 3634 16
719 3579 805 3634 schol.
821 3578 889 3633 luc.
904 3578 970 3634 VIII
983 3582 1037 3633 688

71 3697 85 3702 -
97 3698 104 3702 .
116 3695 238 3703 ...--.-.---
248 3695 260 3700 ,.

137 3769 153 3816 5
171 3762 196 3814 is
212 3777 228 3819 ς
248 3759 298 3812 His
315 3780 335 3811 ω
355 3759 402 3826 qui
421 3759 488 3813 Sall.
502 3766 534 3812 ul
551 3760 676 3828 cid.ll11
697 3774 753 3826 qua
772 3757 803 3810 id
822 3760 865 3811 est
881 3757 952 3812 Ollio
969 3754 1064 3827 quand

66 3836 109 3887 est
128 3834 229 3906 Harpen
248 3832 362 3900 quidem
381 3831 517 3898 11ῐᾶ1113
536 3830 715 3885 antoniamm
734 3832 828 3898 ull18
847 3832 876 3883 et
895 3828 947 3883 del.
963 3827 1064 3886 Carrio

68 3911 100 3958 19
124 3904 174 3977 ll]
193 3907 233 3961 cic
251 3924 272 3958 ω
297 3903 347 3957 del.
362 3903 448 3957 Hertz
461 3906 471 3972 ll
485 3908 519 3954 14
542 3901 636 3956 uerbis
655 3901 704 3970 qui
718 3904 764 3970 1111
778 3906 812 3955 28
836 3900 928 3954 omnis
941 3918 966 3953 ω
983 3916 1054 3956 corr.
