2392 4298
520 549 534 603 1
552 555 600 616 2⁶³
619 555 652 604 as
1055 554 1097 617 89

143 712 330 778 Aurelius
362 717 470 777 sutem
499 710 652 796 Opilius
680 713 869 801 inprime
896 714 1144 797 librorum,17

83 822 160 885 quos
181 800 377 867 Musarum
402 802 566 885 inscripsit
582 800 627 883 (p.
644 805 691 866 27
703 801 772 884 E.):
796 802 969 867 indutiae
993 805 1100 886 iuquit

87 889 275 973 dicuntur,
298 911 382 955 cum
405 889 536 955 hostes
560 891 663 954 inter
683 911 765 954 sese
782 891 976 974 utrimque
995 896 1098 956 utro-

92 998 159 1060 que
183 980 310 1045 alteri
338 980 386 1043 sd
413 980 571 1043 alteros
599 979 753 1063 inpune
780 983 819 1043 et
846 979 935 1043 sine
963 1003 1099 1064 pugna

74 1066 228 1152 aineuut3
250 1069 340 1133 inde
362 1068 454 1133 adeo
477 1069 584 1152 iuquit
606 1088 744 1131 nomen
765 1068 909 1131 factum
933 1068 1099 1151 videtur,

101 1159 193 1237 quasi
222 1158 376 1238 initiae,
408 1155 480 1220 hoc
511 1160 571 1221 est
601 1157 724 1220 initus
757 1160 871 1238 atque
903 1157 1098 1221 introitus.

103 1239 162 1308 lloe
180 1246 217 1309 ab
234 1245 396 1311 Aurelio
418 1245 575 1329 scriptum
598 1249 769 1329 propterea
791 1265 857 1307 non
877 1246 1036 1327 praeterii,
1059 1268 1099 1309 ue
1110 1263 1143 1308 18

107 1333 149 1395 cui
171 1332 279 1399 barum
306 1334 478 1398 noctium
506 1335 634 1398 aemulo
661 1353 700 1397 eo
727 1337 855 1397 tentum
883 1335 1014 1397 nomine
1039 1335 1099 1397 ele-

111 1423 213 1504 gantius
237 1424 270 1488 id
297 1423 473 1508 videretur,
498 1426 664 1506 tamquam
690 1421 724 1485 id
745 1442 806 1486 noa
829 1422 986 1506 originem
1010 1423 1099 1485 verbi

72 1511 279 1591 ,arcquirautes
301 1511 447 1597 fugisset.

536 1668 645 1734 XXVI

72 1772 74 1865 ζ
118 1783 181 1849 Qun
194 1790 221 1844 in
236 1790 352 1845 modum
369 1790 441 1844 mihi
459 1790 568 1845 Taurus
585 1790 771 1859 philosophus
789 1790 966 1859 responderit
983 1807 1100 1859 percon-

142 1862 208 1927 tanti,
224 1878 260 1915 au
279 1862 393 1931 sapiens
411 1862 585 1916 irasceretur.

72 1932 77 2059 ,l
164 1984 349 2074 Interrogavi
374 1989 407 2051 in
426 1988 563 2053 diatriba
580 1986 758 2069 Taurum,
781 2011 823 2051 an
841 1988 968 2070 sapiens
987 1987 1099 2051 irasce-
1129 2004 1143 2050 1

72 2072 185 2167 ¹furetur.
232 2077 340 2142 Dabat
377 2078 463 2140 euim
500 2098 594 2160 saepe
630 2081 706 2160 post
738 2077 913 2140 cotidianas
945 2077 1099 2140 lectiones
1128 2092 1143 2137 ‘r

72 2178 75 2243 ῑ
121 2167 269 2248 quarendi,
292 2166 380 2251 quod
403 2166 475 2249 quis
498 2166 604 2246 vellet,
630 2169 831 2248 potestatem.
877 2163 909 2228 Is
933 2185 1006 2228 cum
1031 2187 1100 2249 gra-
1128 2183 1143 2228 3

72 2274 76 2295 ·
120 2249 181 2335 u'ler,
196 2256 323 2339 copiose
341 2255 381 2318 de
399 2253 513 2317 morbo
533 2253 689 2318 affectuve
708 2254 773 2316 irae
790 2253 999 2336 disseruisset,
1019 2275 1100 2335 quae

119 2341 180 2404 ein
199 2348 340 2407 ceterum
362 2343 455 2406 libris
474 2346 506 2406 et
524 2344 559 2406 iu
577 2342 678 2425 ipsius
697 2343 935 2405 commentariis
955 2344 1101 2424 expositu

72 2440 75 2511 ξ
119 2436 176 2509 mi,
191 2432 345 2496 convertit
359 2431 400 2494 ad
414 2453 474 2512 me,
493 2432 549 2514 qui
563 2431 843 2516 interrogaveram,
858 2436 902 2494 et:
923 2429 1013 2494 ‘haec
1028 2432 1099 2514 ego’

72 2514 75 2585 l
96 2510 194 2598 ”lnquit
208 2520 315 2604 ‘super
333 2520 497 2583 irascendo
512 2521 629 2602 seuti03
648 2520 712 2600 sed,
731 2520 808 2601 quid
823 2525 855 2583 et
869 2519 1100 2583 Plutarchus
1129 2536 1145 2581 4

72 2616 74 2631 '
119 2612 205 2690 naar,
224 2610 274 2672 vir
291 2608 496 2673 doctissimus
515 2629 552 2671 ac
570 2608 846 2691 prudentissimus,
870 2610 1013 2688 senserit,
1036 2631 1102 2671 non

72 2732 74 2739 ·
119 2688 192 2760 *bre
211 2703 272 2779 est,
299 2701 337 2761 ut
359 2697 392 2761 id
416 2718 544 2780 quoque
563 2697 681 2759 audias.
727 2696 970 2761 Plutarchus’
996 2699 1101 2777 inquit
1130 2714 1146 2759 o

72 2796 75 2807 ·
120 2775 193 2848 ‘servo
218 2808 290 2867 suo,
323 2806 462 2868 nequam
489 2783 614 2849 homiui
642 2789 674 2848 et
701 2786 898 2867 contumaci,
928 2785 982 2848 sed
1010 2784 1102 2848 libris

72 2900 75 2909 ·
119 2864 422 2956 dpuuhombusque
446 2872 671 2958 philosophiae
694 2896 786 2937 aures
810 2874 938 2938 inbutas
962 2873 1103 2955 habenti,

96 2958 227 3026 ubuum
247 2961 373 3026 detrahi
392 2962 434 3025 ob
453 2962 561 3026 nescio
581 2962 666 3045 quod
687 2962 838 3026 delictum
857 2963 1010 3045 caedique
1029 2984 1102 3026 eum

118 3040 166 3109 loro
191 3053 290 3115 iussit.
341 3048 499 3133 Coeperat
526 3049 686 3113 verberari
714 3056 746 3114 et
774 3050 1010 3133 obloquebatur
1037 3073 1103 3114 uon
1131 3068 1147 3114 t

118 3140 248 3221 meruisse,
266 3144 304 3203 ut
323 3139 467 3222 vapulet3
485 3137 568 3202 nihil
582 3139 669 3219 mali,
687 3136 770 3201 nihil
786 3140 912 3202 sceleris
928 3140 1102 3203 admisisse.

116 3216 253 3292 Postremo
273 3228 442 3292 vociferari
460 3228 545 3291 inter
560 3226 778 3310 vapulandum
792 3227 906 3309 incipit
920 3249 1024 3309 neque
1040 3230 1102 3290 ium
1133 3245 1147 3290 v

116 3317 302 3392 querimonias
327 3320 383 3380 aut
405 3317 545 3401 gemitus
568 3317 770 3398 eiulatusque
792 3315 904 3397 facere,
928 3317 984 3380 sed
1007 3318 1103 3380 verba

86 3403 174 3467 aum
196 3412 228 3470 et
255 3406 488 3489 obiurgatoris:
516 3426 583 3467 non
611 3405 656 3467 ita
683 3425 752 3467 esse
777 3403 1040 3487 Plutarchum,
1067 3410 1104 3467 ut

113 3486 318 3578 philosophum
342 3494 481 3576 deceret3
508 3493 603 3556 irasci
626 3496 721 3575 turpe
743 3514 824 3575 esse3
850 3515 945 3577 saepe
967 3516 1041 3557 eum
1065 3494 1103 3556 de

109 3580 177 3645 nslo
197 3584 262 3647 irae
285 3582 514 3664 dissertavisse,
536 3581 676 3644 librum
702 3601 830 3665 quoque
852 3579 942 3665 περὶ
961 3581 1102 3666 ἀοργη-

108 3704 260 3717 ————--...-

160 3780 177 3828 4
194 3772 289 3844 alteri]
306 3789 324 3832 ς
342 3772 415 3827 alter
428 3794 450 3826 ω
464 3776 473 3843 ΙΙ
488 3777 504 3825 t
522 3772 622 3825 initiae
637 3772 801 3828 Lanibecs'ua
814 3773 909 3827 inuiae
924 3794 945 3825 ω
964 3773 1104 3826 induitiae

96 3842 244 3972 mm
260 3850 289 3911 ,8
302 3844 432 3898 nuceium
442 3861 476 3900 ex
485 3844 595 3897 accium
604 3849 627 3895 B
636 3845 645 3913 l]
656 3849 690 3896 27
704 3843 851 3912 vapularet
866 3845 936 3898 Veeu
945 3846 954 3901 3!
964 3849 997 3896 29
1012 3843 1104 3897 iacere
