2144 4328
105 462 148 527 18
230 460 411 518 caeru-vua
429 462 496 517 nra.
514 461 555 517 v1
571 463 663 535 (mue
680 460 751 533 vm
768 460 825 518 vu
841 462 938 537 (ηιμ
967 473 970 486 ’
992 493 1012 550 ¹.

173 624 265 690 xuu
284 624 397 691 sermo
414 624 546 691 neurus
564 646 639 691 eum
655 626 869 712 mereo
882 624 982 692 nea
1011 705 1014 710 ,

105 721 138 779 et
162 716 385 799 inperitiarum
409 713 507 799 pleno
531 714 570 778 de
593 714 832 800 significatione
853 734 951 781 voca·
968 748 971 768 ·

103 809 154 868 est
179 804 377 887 ‘obnoxius’3
401 802 503 887 deque
525 802 595 868 eius
617 802 707 869 vocis
730 802 865 889 origine.
992 832 998 851 =

171 891 282 957 XVIII
313 891 364 956 De
397 891 566 957 observata
592 892 818 977 custoditaque
845 892 936 977 apud
960 890 1016 1225 ἲ

103 980 311 1046 iurisiurandi
329 981 556 1064 sanctimonia;
574 983 672 1065 atque
690 980 771 1046 inibi
790 980 832 1045 de
850 980 962 1047 dacem

102 1091 185 1153 quos
209 1069 345 1135 Romam
365 1067 530 1134 Hannibal
552 1069 676 1134 deiurio
699 1069 740 1134 ab
763 1067 816 1134 his
838 1074 974 1155 accepto

170 1156 247 1221 XIX
289 1157 437 1222 Historia
472 1179 510 1222 ex
547 1156 717 1223 annalibus
754 1162 887 1243 sumpta
924 1158 964 1223 de

99 1244 257 1330 Graccho,
279 1244 497 1312 Gracchorum
516 1250 616 1331 patre,
634 1246 766 1312 tribuno
784 1245 906 1332 plebis3
928 1250 1016 1333 atqu

101 1334 277 1399 tribunicia
300 1335 428 1401 decreta
450 1356 523 1401 cum
547 1336 627 1420 ipsis
649 1333 756 1399 verbis
778 1334 889 1401 relata
1012 1358 1016 1367 ·

168 1423 229 1487 XX
258 1423 352 1500 Quod
374 1422 540 1511 Vergilius
562 1446 583 1490 a
604 1422 743 1489 Nolanis
765 1423 807 1489 ob
830 1444 951 1507 squam
973 1422 1016 1491 sih

98 1515 290 1597 permissam
327 1511 461 1577 sustulit
497 1534 515 1577 e
551 1534 645 1577 versu
679 1534 738 1577 suo
772 1510 916 1578 ‘Nolam’
950 1516 984 1579 et
1010 1534 1016 1599 1

100 1602 230 1687 ‘oram’;
253 1606 350 1686 atque
373 1600 419 1666 ibi
440 1601 596 1686 quaedam
615 1600 678 1666 alia
697 1600 736 1665 de
754 1601 895 1666 iucunda
912 1622 1016 1669 com

99 1691 291 1754 litterarum.

166 1778 244 1843 XXI
283 1778 409 1855 ‘Quoad
441 1778 540 1843 vivet’
570 1778 765 1863 ‘quoad'que
793 1778 975 1844 ‘morietur'
1004 1798 1016 1845 a

97 1870 206 1951 ipsum
234 1868 390 1951 temporis
414 1868 612 1953 significent,
639 1888 713 1931 cum
736 1888 775 1931 ex
799 1866 927 1932 duobus
951 1868 1016 1935 sint

95 1956 274 2020 contrariis.

164 2044 259 2109 XXII
292 2044 386 2121 Quod
419 2066 566 2109 censores
600 2066 719 2127 equum
752 2045 893 2109 adimere
925 2044 1016 2111 soliti

97 2133 261 2218 equitibus
292 2132 489 2217 corpulentis
518 2138 550 2197 et
572 2132 839 2218 praepinguibus;
867 2136 1016 2216 quaesilu

95 2228 206 2286 utrum
239 2244 277 2286 aa
310 2244 359 2286 res
392 2244 464 2286 eum
498 2223 678 2307 ignominia
709 2243 751 2286 an
778 2222 933 2286 incolumi
963 2223 1016 2310 dig

93 2313 240 2395 equitum
264 2313 349 2376 facta
373 2313 423 2375 sit.

133 2526 370 2600 CAPITVLA
400 2525 531 2598 LIBRI
562 2525 757 2599 SEPTIMI
787 2522 901 2624 (ruho
929 2526 1016 2600 SEX

163 2664 177 2728 l
212 2665 313 2742 Quem
343 2666 376 2729 in
405 2665 536 2729 modum
561 2665 762 2748 responderit
786 2663 988 2751 Chrysippus
1011 2690 1016 2731 ι

96 2776 167 2817 sum
193 2776 256 2837 eos,
280 2757 337 2839 qui
359 2753 596 2838 prouidentiam
620 2756 793 2818 consistere
816 2758 1016 2840 negaverunt

162 2840 194 2905 Π
228 2842 298 2918 Quo
328 2843 439 2908 itidem
467 2842 564 2906 modo
592 2846 626 2905 et
653 2844 719 2906 vim
746 2844 1016 2927 necessitatemqu

94 2932 301 2994 constituerit
328 2937 361 2995 et
391 2953 460 2995 esse
483 2936 592 2995 tamen
616 2933 649 2994 in
672 2931 767 2995 nobis
791 2930 919 2996 consilii
943 2932 1016 2996 iudi

94 3019 200 3082 nostri
223 3016 393 3082 arbitrium
418 3020 664 3084 confirmaverit.

161 3104 210 3169 Ill
234 3104 381 3172 HIstoria
400 3112 529 3193 sumpta
547 3131 586 3172 ex
605 3108 698 3172 libris
713 3107 892 3173 Tuberonis
912 3108 951 3173 de
970 3132 1016 3174 sei

95 3194 282 3258 invisitatae
305 3195 527 3278 longitudinis.

162 3281 210 3347 IV
244 3282 329 3359 Quid
361 3283 445 3348 idem
475 3285 602 3350 Tubero
634 3306 736 3350 nouae
764 3284 918 3350 historiae
948 3286 987 3349 de
1014 3343 1016 3349 .

92 3369 221 3456 Regulo
250 3394 270 3434 a
294 3370 613 3457 Carthaginiensibus
642 3379 735 3458 capto
761 3372 880 3438 litteris
903 3375 1016 3439 mande

92 3460 172 3543 quid
200 3459 298 3525 etiam
323 3459 502 3525 Tuditanus
531 3485 626 3546 super
654 3462 765 3526 eodem
789 3462 916 3549 Regulo
943 3465 1016 3548 scri]

161 3546 191 3611 V
225 3548 318 3624 Quod
341 3548 478 3614 Alfenus
506 3551 743 3616 iureconsultus
768 3553 802 3615 in
824 3551 931 3616 verbis
954 3557 1016 3616 veti

92 3637 342 3720 interpretandis
366 3639 491 3702 erravit.

160 3723 209 3789 VI
246 3725 378 3790 Temere
414 3727 585 3811 inepteque
616 3727 844 3813 reprehensum
878 3751 948 3793 esse
979 3752 999 3795 a

90 3812 226 3901 Hygino
254 3812 449 3900 Vergilium,
483 3814 569 3899 quod
602 3816 792 3900 ‘praepetes’
825 3816 960 3883 Daedali
992 3841 1014 3902 p
