2144 4328
605 138 683 205 xlx

136 261 263 316 Historia
285 278 369 332 super
387 260 468 315 libris
489 260 633 329 Sibyllinis
654 280 685 314 av
706 262 736 315 de

111 410 124 455 1
203 388 239 453 In
278 392 448 471 antiquis
486 391 689 453 annalibus
724 412 747 453 n

110 480 343 563 asibyllinis
373 479 451 542 haee
479 480 605 561 prodita
630 484 691 543 est:
719 477 754 543 A

136 570 266 653 cognita
294 570 333 631 ud
357 568 565 649 Tarquinium
592 566 761 650 Superbun

136 658 235 723 libros
254 658 368 737 ferens,
386 678 467 738 quos
486 679 555 720 esse
574 657 699 719 dicebat
718 656 766 720 din

111 747 326 809 svennndare.
364 745 557 827 Tarquinius
572 747 710 828 pretium
725 767 775 828 per

110 836 271 898 iniurium
304 840 401 917 atque
434 835 613 897 inmensum
648 835 781 917 poposci

110 928 240 987 swtata
264 924 430 1006 desiperet,
453 924 570 987 derisit.
613 923 694 987 Tum
715 924 771 987 illa

137 1014 205 1098 igni
232 1013 380 1096 apponit,
408 1013 466 1075 tris
493 1012 593 1076 libros
622 1035 660 1075 en
688 1034 796 1077 norea

136 1104 277 1185 reliquos
306 1123 361 1164 sex
389 1102 500 1165 eodem
530 1102 634 1183 pretio
660 1123 798 1166 emeres

111 1192 270 1275 trogavit.
322 1188 384 1253 Sed
416 1192 500 1253 eninr
530 1189 723 1272 Tarquinius
755 1190 789 1254 id

111 1281 281 1363 rdixitque
304 1302 400 1342 anum
425 1280 488 1342 iarn
512 1279 746 1362 proculdubio
770 1280 798 1343 dr

137 1370 209 1433 dem
241 1369 350 1433 statim
383 1369 441 1430 tris
474 1369 554 1431 alios
584 1368 684 1433 libros
712 1390 798 1433 exuar

138 1459 242 1523 denuo
266 1458 389 1540 placide.
414 1464 515 1541 rogat,
538 1461 574 1519 ut
597 1458 656 1520 tris
678 1458 798 1540 reliquo

111 1553 230 1613 seruat.
268 1546 461 1630 Tarquinius
481 1567 534 1609 ore
554 1547 617 1609 iam
637 1547 719 1609 serio
739 1551 798 1628 atq*

137 1640 188 1718 tit,
210 1658 280 1701 eam
304 1634 516 1699 constantiam
541 1635 798 1717 confidentiamqr

138 1727 273 1791 bandam
299 1725 472 1809 intellegit,
499 1723 598 1787 libros
622 1725 681 1788 tris
703 1725 798 1807 reliqr

138 1816 260 1879 minore
284 1814 401 1897 pretio,
428 1835 523 1896 (quarn
549 1813 635 1894 qnod
659 1819 727 1877 arat
750 1818 798 1895 pet

111 1902 201 1968 oSed
224 1925 294 1967 earn
319 1904 483 1967 nrulierern
508 1906 585 1964 tuno
608 1901 762 1965 aT⁹*“·'
791 1903 796 1911 ’

96 2010 128 2056 ro
137 2012 296 2070 nusquam
319 1990 379 2053 lori
