2392 4298
340 510 521 567 GAPI'I'VLA
541 512 606 567 blB.
625 510 663 565 VI
681 512 773 583 (culpo
791 511 853 582 Vll)
1063 515 1104 578 lV

87 668 228 755 Sabinus,
251 674 331 739 iuris
352 675 460 739 civilis
478 678 599 759 auctor,
622 673 773 758 pilleatos
792 674 967 740 venundari
986 675 1102 740 solitos

94 763 254 847 scripserit,
276 767 312 828 et
334 784 418 846 quae
436 763 597 847 mancipia
615 764 675 827 sub
695 784 815 828 corona
832 785 921 828 more
939 763 1100 829 maiorum

99 851 249 933 venierint3
271 856 371 935 atquc
393 850 428 915 id
450 851 557 935 ipsum
581 850 653 916 ‘sub
677 853 807 916 corona’
832 852 910 936 quid
934 854 985 917 sit.

159 937 185 1001 V
210 938 352 1005 Historia
374 939 414 1004 de
436 938 518 1004 Polo
540 940 699 1005 histrione
722 945 903 1005 memoratu
927 941 959 1005 di
1026 991 1033 1004 .

70 1096 72 1111 Ι
161 1026 201 1091 Vl
220 1028 302 1106 Quid
320 1028 360 1094 dc
378 1028 581 1112 quorundam
600 1050 752 1094 sensuum
764 1029 907 1094 naturali
920 963 1101 1094 deiecimus

70 1114 75 1179 I
113 1114 274 1181 camales
296 1117 471 1201 scripserit.

70 1190 76 1255 I
164 1202 215 1271 VII
243 1206 294 1271 An
327 1204 486 1289 ‘affatim',
517 1207 610 1290 quasi
638 1206 845 1290 ‘admodum',
872 1207 978 1291 prima
1005 1212 1100 1272 acuta

117 1294 352 1373 concutiendum
380 1296 436 1379 sit3
464 1298 497 1359 et
525 1295 681 1379 quaedam
710 1294 822 1360 itidem
849 1317 916 1360 non
938 1296 1099 1361 incuriose

117 1382 221 1447 &aab
240 1405 335 1467 super
356 1383 493 1448 aliarum
516 1405 633 1448 vocum
656 1384 849 1449 accentibus.

167 1468 229 1536 VIII
259 1472 323 1537 Res
356 1472 443 1538 ultra
469 1472 567 1537 fidem
594 1473 714 1537 tradita
741 1494 837 1557 super
863 1476 1005 1536 amatore
1034 1472 1100 1536 del-

118 1555 193 1639 piino
211 1566 240 1625 ct
261 1582 361 1645 puero
385 1564 502 1626 amato.

162 1645 200 1713 lx
227 1650 384 1734 ‘PeposcI‘
414 1657 447 1715 at
473 1650 663 1733 momordi,
693 1650 835 1735 ‘pepugi’
860 1654 893 1714 et
918 1650 1098 1733 ‘spopondi'

117 1736 279 1803 ci‘cccurri'
304 1740 476 1823 plerosque
500 1744 645 1803 veterum
669 1738 796 1821 dixisse,
821 1759 897 1822 non,
919 1739 969 1803 uti
987 1745 1101 1822 postea

116 1832 243 1907 receptum
264 1831 315 1893 est
339 1828 452 1911 dicere,
475 1851 533 1911 per
551 1849 570 1892 o
590 1832 647 1891 aut
664 1850 722 1911 per
740 1850 761 1890 u
780 1826 925 1891 litteram
943 1829 978 1891 in
996 1829 1100 1912 prima

115 1912 208 1993 syllaba
224 1917 373 2000 positam,
396 1922 493 2000 atqua
512 1916 545 1981 id
564 1938 620 1981 eos
640 1915 778 1981 Graecae
796 1916 932 1980 rationis
951 1916 1099 1999 exemplo

115 1997 215 2081 luisse
231 2012 395 2089 praeterea
413 2010 572 2087 notatum,
592 2005 678 2090 quod
698 2005 759 2068 viri
777 2027 845 2068 non
861 2005 982 2070 indocti
996 2028 1100 2087 neque

114 2088 240 2173 iprobiles
266 2117 286 2158 a
319 2094 416 2157 verbo
445 2093 626 2158 ‘descendo'
655 2115 721 2157 non
748 2093 930 2174 ‘descendi’,
959 2094 1014 2156 sed
1039 2093 1103 2155 ‘de-

113 2181 234 2245 scendidi‘
259 2182 418 2246 dixenunt.

159 2268 183 2333 X
210 2269 296 2353 (Vt)
325 2271 520 2354 ‘ususcapio'
555 2269 703 2353 copulate
731 2275 819 2335 racto
848 2270 997 2335 vocabuli
1025 2292 1101 2335 casu

112 2352 214 2439 dicitnr,
246 2361 292 2424 ita
323 2359 586 2444 ‘pignoriscapio’
616 2360 785 2423 coniuncte
814 2360 924 2423 eadem
952 2360 1101 2424 vocabuli

70 2462 76 2515 i
112 2440 192 2509 forna
212 2448 333 2512 dictum
357 2470 435 2512 asse.

70 2542 72 2549 '
160 2532 199 2598 XI
228 2535 341 2619 Neque
365 2536 530 2600 levitatem
552 2558 657 2620 neque
680 2536 858 2621 nequitiam
882 2559 920 2599 ea
942 2537 1103 2621 significa-

113 2620 179 2685 tione
197 2646 275 2705 esse,
299 2647 364 2708 qua
386 2626 420 2688 in
443 2624 533 2711 volgi
556 2625 758 2690 sermonibus
782 2625 940 2689 dicuntur.

70 2658 73 2791 i
162 2709 213 2776 XII
248 2713 297 2777 Dc
333 2714 450 2778 tunicis
483 2713 665 2796 chiridotis3
702 2712 789 2798 quod
821 2735 931 2776 aarum
965 2714 1102 2796 (usum)

70 2810 74 2851 Ι
114 2792 139 2858 Ρ.
153 2801 308 2867 Africanus
332 2800 477 2885 Sulpicio
501 2800 593 2867 Gallo
618 2803 744 2867 obiecit.

127 2887 228 3040 leiim
257 2890 360 2967 Quem
385 2890 578 2955 ‘classicum'
603 2890 863 2973 diminuam,
886 2911 982 2972 quem
1007 2890 1102 2954 ‘infra

114 2991 127 3031 t
190 2981 239 3043 m'.

162 3063 227 3130 xlv
261 3068 310 3132 De
344 3068 448 3132 tribus
480 3067 607 3132 dicendi
639 3069 824 3152 generibus,
856 3089 894 3133 ac
926 3067 964 3131 de
994 3068 1098 3131 tribus

117 3147 297 3295 philosophis,
322 3158 379 3240 qui
402 3156 442 3220 ab
465 3155 720 3221 Atheniensibus
743 3157 784 3220 sd
807 3162 954 3221 sanatum
977 3156 1100 3220 Romae

126 3244 188 3323 egui
210 3251 292 3310 sunt.

162 3328 211 3393 XV
238 3334 344 3410 Quam
368 3356 477 3399 severe
500 3335 644 3399 moribus
665 3334 824 3397 maiorum
843 3335 878 3397 in
895 3334 982 3397 fures
1002 3333 1104 3396 vindi-

118 3419 192 3483 tciun
220 3423 276 3505 sit3
310 3429 344 3487 et
371 3424 449 3506 quid
477 3424 643 3508 scripserit
670 3422 795 3487 Mucius
825 3421 979 3488 Scaevola
1007 3443 1104 3503 super

117 3518 147 3573 ω.
163 3511 239 3591 quod
264 3512 457 3577 servandum
481 3511 593 3578 datum
617 3511 896 3577 commodatumve
920 3514 1012 3574 esset.

160 3594 227 3665 XVI
256 3600 363 3667 Locus
387 3602 567 3684 exscriptus
586 3623 626 3665 ex
645 3606 753 3665 satura
770 3600 814 3664 M.
834 3599 999 3680 Varronis,
1023 3620 1104 3680 quae

116 3684 165 3765 ³th
193 3689 382 3775 ἐδεσμάτων
411 3691 566 3773 inscripta
593 3694 655 3773 est,
688 3690 726 3753 dc
753 3690 932 3774 peregrinis
960 3688 1106 3753 ciborum

115 3778 268 3864 genunium
302 3784 336 3843 et
361 3778 503 3863 appositi
525 3800 636 3843 versus
658 3777 821 3861 Euripidi,
850 3776 967 3860 quibus
992 3774 1108 3839 delica-

113 3862 190 3931 torum
213 3868 387 3934 hominum
411 3867 627 3932 luxuriantem
651 3866 761 3952 gulam
784 3865 973 3929 confutavit.

144 3978 245 4023 bracara
260 3984 295 4025 ιὰ
313 3982 424 4023 Hostus
931 3974 948 4023 4ὶ
