2144 4328
22 463 66 528 30
323 460 505 519 aarum
521 460 752 519 niumm

92 624 124 691 Π
149 623 284 702 Quem
275 648 310 691 ιιι
327 626 461 691 modum
479 626 665 691 diueruerit
682 622 932 691 Favorinus-n

25 737 119 780 ame
142 736 239 798 super
262 715 372 779 officio
393 714 518 779 iudicis.
961 793 963 796 ¹

92 802 139 868 111
166 801 219 867 Au
251 804 371 868 aemuli
397 804 575 887 offensique
597 804 682 867 inter
704 824 777 869 sese
799 803 919 869 fuerint
955 813 961 834 ”

24 893 169 975 phonet
191 892 294 957 Plato.
941 922 951 961 ι

90 978 137 1043 IV
174 978 268 1056 Quod
298 984 375 1064 epto
401 978 602 1064 Chrysippus
628 983 662 1045 et
688 978 930 1065 graphicum

24 1067 170 1133 Iustitiae
194 1069 334 1133 modulis
356 1068 585 1152 coloribusque
607 1068 780 1133 vorborum
803 1068 845 1135 de
866 1021 952 1139 inxit

90 1155 121 1220 V
153 1156 208 1220 Lis
238 1162 335 1241 atque
357 1159 522 1223 contentio
546 1158 915 1244 grammaticorumo

23 1245 173 1309 lustrium
203 1249 350 1310 enarratu
375 1268 473 1331 super
494 1267 570 1311 casu
593 1246 741 1311 vocativo
764 1244 952 1329 vocubulis
967 1313 968 1316 ,

23 1339 72 1397 est
107 1356 125 1397 e
165 1357 182 1397 e
217 1356 276 1397 us.
948 1398 952 1405 ,

89 1333 308 1487 lllngiiimodi
322 1423 397 1505 sint,
411 1444 494 1506 quse
507 1424 646 1508 speciem
660 1422 944 1488 doctrinarum
968 1495 970 1510 ξ

22 1511 79 1575 sed
106 1532 210 1593 neque
239 1510 399 1577 delectent
425 1532 531 1595 neque
558 1512 652 1577 utilia
675 1510 755 1595 siut3
780 1512 924 1595 atque'·

23 1600 188 1664 vocabulis
221 1601 421 1686 singularum
448 1598 577 1664 urbium
603 1600 840 1687 regionumque
866 1600 943 1665 inm
947 1631 972 1673 ,ι

82 1686 151 1753 Vll
183 1688 276 1765 Quod
298 1686 341 1752 Μ.
356 1687 461 1753 Varro
484 1686 541 1753 (ιιι.
559 1686 730 1773 Pompeio,
752 1686 948 1753 oonsulio'
977 1689 978 1692 ’

22 1776 204 1861 designato,
232 1778 497 1841 commentarium
527 1776 627 1859 dedit,
653 1797 750 1858 quem
774 1719 959 1861 appellsvii'
985 1861 988 1868 ,

22 1866 250 1946 εισαγωγικόι,
274 1866 313 1929 de
337 1866 446 1929 officio
469 1870 600 1930 senatus
623 1864 770 1929 habendi.
961 1888 968 1905 ·
994 1943 996 1954 Ι

88 1950 167 2017 VIII
199 1953 387 2029 Quaesitum
416 1976 486 2018 esse
515 1955 771 2037 dissensumque,
797 1976 843 2019 au
865 1976 887 2039 p
911 1986 943 2009 ιιι
960 1963 994 2008 ι’

21 2040 208 2105 Latinarum
237 2064 333 2106 causa
363 2046 488 2107 creatus
516 2045 565 2107 ius
595 2046 724 2107 senatus
750 2043 950 2108 convocandi
968 2054 1002 2109 ot

22 2129 211 2213 sulendique
234 2129 358 2195 hebeat.

134 2345 376 2418 CAPITVLA
405 2347 534 2420 LIBRI
562 2346 731 2431 QVINTI
758 2346 931 2421 DECIMI

86 2483 102 2547 l
135 2482 227 2560 Quod
256 2486 289 2546 in
318 2484 429 2561 Quinti
456 2482 581 2549 Claudii
610 2485 780 2549 annalibus
808 2489 1002 2572 scriptume

21 2574 146 2658 lignum
170 2574 311 2637 alumine
335 2575 472 2637 oblitum
496 2595 562 2637 nou
586 2575 705 2637 ardere.

86 2660 117 2726 Π
141 2661 235 2738 Quod
253 2661 348 2726 Plato
369 2662 523 2746 inlibris,
547 2683 628 2744 quos
648 2663 686 2726 de
705 2662 832 2748 legibus
852 2684 1002 2749 composa

21 2751 176 2836 largiores
205 2752 419 2834 laetioresque
446 2752 480 2814 ιιι
508 2751 663 2815 conviviis
689 2750 1002 2817 invitatiunculasri

20 2860 85 2902 ιιοιι
111 2841 242 2904 inutiles
266 2862 335 2904 esse
358 2840 561 2905 existimavit.

86 2926 132 2989 Ill
163 2927 246 3003 Quid
265 2928 307 2992 M.
327 2927 438 2993 Cicero
463 2929 501 2992 de
524 2929 682 3012 particula
705 2928 767 2991 ista
790 2929 928 2992 senserit
944 2926 1002 2993 scri

20 3015 170 3096 seritque,
190 3037 272 3097 quae
290 3020 473 3103 praeposita
490 3023 539 3080 est
553 3017 659 3080 verbis
674 3016 832 3101 ‘aufugio’
845 3020 880 3079 et
894 3016 1002 3081 ‘aufem

20 3107 52 3165 et
76 3124 115 3165 an
140 3104 173 3166 in
197 3105 295 3168 verbo
321 3106 478 3171 ‘autumo'
502 3105 613 3170 eudem
637 3106 736 3170 istaec
757 3106 955 3188 praepositio
972 3126 1002 3169 es

19 3191 122 3255 videri
145 3191 266 3255 debeat.

86 3277 132 3342 IV
147 3277 294 3344 Historia
307 3282 346 3345 de
356 3280 508 3347 Ventidio
519 3280 620 3346 Basso
621 3281 779 3366 ,ignobili
789 3280 931 3365 homine,
944 3302 1002 3365 qua

18 3369 160 3451 primum
181 3369 219 3431 de
236 3366 365 3432 Parthis
385 3370 600 3455 triumphasse
619 3371 791 3434 memoriae
809 3370 1002 3435 traditnme

86 3454 115 3519 V
145 3455 290 3521 Verbum
317 3456 478 3542 ‘profligo'
503 3461 707 3543 eplerisque
730 3459 821 3522 dici
812 3458 1002 3543 inpropriei

18 3545 168 3627 sciteque.

85 3631 132 3697 VI
164 3633 201 3697 ln
230 3634 314 3698 libro
337 3632 379 3697 M.
400 3632 561 3699 Ciceronis
586 3636 624 3700 de
648 3637 752 3721 gloria
774 3636 915 3700 secundo
937 3655 1002 3700 max

17 3722 136 3786 festum
160 3727 301 3786 errat-um
325 3724 357 3786 iu
383 3745 419 3786 ea
442 3728 541 3806 parte,
565 3726 597 3787 in
618 3746 682 3805 qua
701 3725 857 3807 scriptum
876 3729 926 3788 est
942 3744 1002 3808 sup

17 3808 159 3875 Hectore
182 3816 215 3875 et
237 3810 342 3876 Aiace.
