<?xml version="1.0" encoding="UTF-8"?>
<!DOCTYPE html PUBLIC "-//W3C//DTD XHTML 1.0 Transitional//EN"
    "http://www.w3.org/TR/xhtml1/DTD/xhtml1-transitional.dtd">
<html xmlns="http://www.w3.org/1999/xhtml" xml:lang="en" lang="en">
 <head>
  <title>
</title>
<meta http-equiv="Content-Type" content="text/html;charset=utf-8" />
  <meta name='ocr-system' content='tesseract 3.04.00' />
  <meta name='ocr-capabilities' content='ocr_page ocr_carea ocr_par ocr_line ocrx_word'/>
</head>
<body>
  <div class='ocr_page' id='page_1' title='image "agelliinoctivma01gellgoog_0150.png"; bbox 0 0 2392 4298; ppageno 0'>
   <div class='ocr_carea' id='block_1_1' title="bbox 513 487 1090 556">
    <p class='ocr_par' dir='ltr' id='par_1_1' title="bbox 513 487 1090 556">
     <span class='ocr_line' id='line_1_1' title="bbox 513 487 1090 556; baseline 0.002 -15"><span class='ocrx_word' id='word_1_1' title='bbox 513 487 593 556; x_wconf 68' lang='lat'><strong>1213</strong></span> <span class='ocrx_word' id='word_1_2' title='bbox 612 493 646 542; x_wconf 82' lang='lat' dir='ltr'><strong>as</strong></span> <span class='ocrx_word' id='word_1_3' title='bbox 1047 493 1090 555; x_wconf 77' lang='lat'><strong>31</strong></span> 
     </span>
    </p>
   </div>
   <div class='ocr_carea' id='block_1_2' title="bbox 72 649 1116 1977">
    <p class='ocr_par' dir='ltr' id='par_1_2' title="bbox 72 649 1116 1977">
     <span class='ocr_line' id='line_1_2' title="bbox 72 649 1090 734; baseline 0.007 -21"><span class='ocrx_word' id='word_1_4' title='bbox 72 669 183 713; x_wconf 85' lang='lat' dir='ltr'><strong>sensus</strong></span> <span class='ocrx_word' id='word_1_5' title='bbox 205 650 259 731; x_wconf 80' lang='lat' dir='ltr'><strong>sit,</strong></span> <span class='ocrx_word' id='word_1_6' title='bbox 280 670 348 715; x_wconf 92' lang='lat' dir='ltr'><strong>non</strong></span> <span class='ocrx_word' id='word_1_7' title='bbox 369 650 470 715; x_wconf 88' lang='lat' dir='ltr'><strong>alium</strong></span> <span class='ocrx_word' id='word_1_8' title='bbox 494 649 529 714; x_wconf 90' lang='lat' dir='ltr'><strong>in</strong></span> <span class='ocrx_word' id='word_1_9' title='bbox 551 655 653 716; x_wconf 90' lang='lat' dir='ltr'><strong>semet</strong></span> <span class='ocrx_word' id='word_1_10' title='bbox 675 650 747 734; x_wconf 90' lang='lat' dir='ltr'><strong>ipso</strong></span> <span class='ocrx_word' id='word_1_11' title='bbox 768 674 897 717; x_wconf 90' lang='lat' dir='ltr'><strong>sensum</strong></span> <span class='ocrx_word' id='word_1_12' title='bbox 915 653 1034 719; x_wconf 88' lang='lat' dir='ltr'><strong>habeat</strong></span> <span class='ocrx_word' id='word_1_13' title='bbox 1052 677 1090 720; x_wconf 89' lang='lat' dir='ltr'><strong>ac</strong></span> 
     </span>
     <span class='ocr_line' id='line_1_3' title="bbox 73 736 1088 826; baseline 0.007 -25"><span class='ocrx_word' id='word_1_14' title='bbox 73 736 206 819; x_wconf 79' lang='lat' dir='ltr'>proinde</span> <span class='ocrx_word' id='word_1_15' title='bbox 223 738 276 821; x_wconf 70' lang='lat' dir='ltr'><strong>sit,</strong></span> <span class='ocrx_word' id='word_1_16' title='bbox 294 738 388 822; x_wconf 89' lang='lat' dir='ltr'><strong>quasi</strong></span> <span class='ocrx_word' id='word_1_17' title='bbox 406 738 532 803; x_wconf 80' lang='lat' dir='ltr'><strong>dicatur</strong></span> <span class='ocrx_word' id='word_1_18' title='bbox 550 739 673 803; x_wconf 87' lang='lat' dir='ltr'><strong>‘sensus</strong></span> <span class='ocrx_word' id='word_1_19' title='bbox 692 761 787 805; x_wconf 86' lang='lat' dir='ltr'><strong>sensu</strong></span> <span class='ocrx_word' id='word_1_20' title='bbox 801 763 910 805; x_wconf 87' lang='lat' dir='ltr'><strong>amaro</strong></span> <span class='ocrx_word' id='word_1_21' title='bbox 924 746 1088 826; x_wconf 89' lang='lat' dir='ltr'><strong>torquet&#39;.&#39;</strong></span> 
     </span>
     <span class='ocr_line' id='line_1_4' title="bbox 75 822 1116 914; baseline 0.007 -24"><span class='ocrx_word' id='word_1_22' title='bbox 75 822 137 890; x_wconf 82' lang='lat' dir='ltr'><strong>Sed</strong></span> <span class='ocrx_word' id='word_1_23' title='bbox 162 828 248 891; x_wconf 90' lang='lat' dir='ltr'><strong>enim</strong></span> <span class='ocrx_word' id='word_1_24' title='bbox 273 848 347 893; x_wconf 90' lang='lat' dir='ltr'><strong>cum</strong></span> <span class='ocrx_word' id='word_1_25' title='bbox 371 825 572 892; x_wconf 84' lang='lat' dir='ltr'><strong>Favorino</strong></span> <span class='ocrx_word' id='word_1_26' title='bbox 588 827 734 914; x_wconf 81' lang='lat' dir='ltr'><strong>Hygini</strong></span> <span class='ocrx_word' id='word_1_27' title='bbox 758 832 1022 895; x_wconf 89' lang='lat' dir='ltr'><strong>commentarium</strong></span> <span class='ocrx_word' id='word_1_28' title='bbox 1045 834 1116 897; x_wconf 75' lang='lat' dir='ltr'><strong>les</strong></span> 
     </span>
     <span class='ocr_line' id='line_1_5' title="bbox 80 913 1089 1000; baseline 0.007 -21"><span class='ocrx_word' id='word_1_29' title='bbox 80 913 190 997; x_wconf 54' lang='lat' dir='ltr'><strong>gueni</strong></span> <span class='ocrx_word' id='word_1_30' title='bbox 221 922 320 999; x_wconf 87' lang='lat' dir='ltr'><strong>atquo</strong></span> <span class='ocrx_word' id='word_1_31' title='bbox 351 917 382 981; x_wconf 87' lang='lat' dir='ltr'><strong>ei</strong></span> <span class='ocrx_word' id='word_1_32' title='bbox 413 917 523 981; x_wconf 89' lang='lat' dir='ltr'><strong>statim</strong></span> <span class='ocrx_word' id='word_1_33' title='bbox 556 917 718 1000; x_wconf 75' lang='lat' dir='ltr'><strong>displicita</strong></span> <span class='ocrx_word' id='word_1_34' title='bbox 747 922 830 981; x_wconf 88' lang='lat' dir='ltr'><strong>esset</strong></span> <span class='ocrx_word' id='word_1_35' title='bbox 857 918 1029 984; x_wconf 79' lang='lat' dir='ltr'><strong>insolentia</strong></span> <span class='ocrx_word' id='word_1_36' title='bbox 1057 926 1089 986; x_wconf 91' lang='lat' dir='ltr'><strong>et</strong></span> 
     </span>
     <span class='ocr_line' id='line_1_6' title="bbox 72 1003 1088 1089; baseline 0.012 -28"><span class='ocrx_word' id='word_1_37' title='bbox 72 1003 248 1069; x_wconf 77' lang='lat' dir='ltr'><strong>‚insuavitas</strong></span> <span class='ocrx_word' id='word_1_38' title='bbox 280 1005 368 1070; x_wconf 93' lang='lat' dir='ltr'><strong>illius</strong></span> <span class='ocrx_word' id='word_1_39' title='bbox 401 1025 513 1069; x_wconf 87' lang='lat' dir='ltr'><strong>sensu</strong></span> <span class='ocrx_word' id='word_1_40' title='bbox 545 1006 745 1089; x_wconf 89' lang='lat' dir='ltr'><strong>torquebit</strong></span> <span class='ocrx_word' id='word_1_41' title='bbox 772 1028 912 1089; x_wconf 88' lang='lat' dir='ltr'><strong>amaro,</strong></span> <span class='ocrx_word' id='word_1_42' title='bbox 943 1009 1015 1072; x_wconf 87' lang='lat' dir='ltr'><strong>risit</strong></span> <span class='ocrx_word' id='word_1_43' title='bbox 1043 1016 1088 1073; x_wconf 85' lang='lat' dir='ltr'><strong>et:</strong></span> 
     </span>
     <span class='ocr_line' id='line_1_7' title="bbox 88 1088 1088 1178; baseline 0.009 -26"><span class='ocrx_word' id='word_1_44' title='bbox 88 1088 194 1157; x_wconf 79' lang='lat' dir='ltr'><strong>&#39;loram</strong></span> <span class='ocrx_word' id='word_1_45' title='bbox 220 1093 387 1178; x_wconf 86' lang='lat' dir='ltr'><strong>lapidem,&#39;</strong></span> <span class='ocrx_word' id='word_1_46' title='bbox 416 1094 522 1177; x_wconf 88' lang='lat' dir='ltr'><strong>inquit</strong></span> <span class='ocrx_word' id='word_1_47' title='bbox 550 1095 650 1178; x_wconf 83' lang='lat' dir='ltr'><strong>‘quod</strong></span> <span class='ocrx_word' id='word_1_48' title='bbox 672 1096 908 1160; x_wconf 88' lang='lat' dir='ltr'><strong>sanctissimum</strong></span> <span class='ocrx_word' id='word_1_49' title='bbox 932 1098 1088 1161; x_wconf 86' lang='lat' dir='ltr'><strong>iusiuran-</strong></span> 
     </span>
     <span class='ocr_line' id='line_1_8' title="bbox 92 1176 1088 1270; baseline 0.006 -26"><span class='ocrx_word' id='word_1_50' title='bbox 92 1176 156 1244; x_wconf 79' lang='lat' dir='ltr'><strong>slnn</strong></span> <span class='ocrx_word' id='word_1_51' title='bbox 174 1181 318 1248; x_wconf 81' lang='lat' dir='ltr'><strong>habitum</strong></span> <span class='ocrx_word' id='word_1_52' title='bbox 341 1187 401 1265; x_wconf 86' lang='lat' dir='ltr'><strong>est,</strong></span> <span class='ocrx_word' id='word_1_53' title='bbox 423 1187 553 1266; x_wconf 88' lang='lat' dir='ltr'><strong>paratus</strong></span> <span class='ocrx_word' id='word_1_54' title='bbox 576 1204 638 1268; x_wconf 92' lang='lat' dir='ltr'><strong>ego</strong></span> <span class='ocrx_word' id='word_1_55' title='bbox 658 1185 763 1247; x_wconf 87' lang='lat' dir='ltr'><strong>iurare</strong></span> <span class='ocrx_word' id='word_1_56' title='bbox 782 1205 852 1248; x_wconf 91' lang='lat' dir='ltr'><strong>sum</strong></span> <span class='ocrx_word' id='word_1_57' title='bbox 871 1184 1088 1270; x_wconf 76' lang='lat' dir='ltr'><strong>Vergilium</strong></span> 
     </span>
     <span class='ocr_line' id='line_1_9' title="bbox 94 1264 1086 1358; baseline 0.007 -27"><span class='ocrx_word' id='word_1_58' title='bbox 94 1264 146 1332; x_wconf 88' lang='lat' dir='ltr'><strong>bec</strong></span> <span class='ocrx_word' id='word_1_59' title='bbox 171 1292 340 1353; x_wconf 87' lang='lat' dir='ltr'><strong>numquam</strong></span> <span class='ocrx_word' id='word_1_60' title='bbox 371 1272 551 1355; x_wconf 76' lang='lat' dir='ltr'><strong>scripsisse,</strong></span> <span class='ocrx_word' id='word_1_61' title='bbox 584 1271 639 1336; x_wconf 90' lang='lat' dir='ltr'><strong>sed</strong></span> <span class='ocrx_word' id='word_1_62' title='bbox 667 1270 858 1356; x_wconf 86' lang='lat' dir='ltr'><strong>Hyginum</strong></span> <span class='ocrx_word' id='word_1_63' title='bbox 887 1294 948 1358; x_wconf 91' lang='lat' dir='ltr'><strong>ego</strong></span> <span class='ocrx_word' id='word_1_64' title='bbox 976 1296 1086 1338; x_wconf 89' lang='lat' dir='ltr'><strong>verum</strong></span> 
     </span>
     <span class='ocr_line' id='line_1_10' title="bbox 98 1354 1113 1444; baseline 0.006 -25"><span class='ocrx_word' id='word_1_65' title='bbox 98 1354 180 1421; x_wconf 88' lang='lat' dir='ltr'><strong>dicere</strong></span> <span class='ocrx_word' id='word_1_66' title='bbox 204 1359 349 1424; x_wconf 76' lang='lat' dir='ltr'><strong>arbitror.</strong></span> <span class='ocrx_word' id='word_1_67' title='bbox 394 1358 472 1424; x_wconf 89' lang='lat' dir='ltr'><strong>Non</strong></span> <span class='ocrx_word' id='word_1_68' title='bbox 498 1361 581 1424; x_wconf 83' lang='lat' dir='ltr'><strong>enirn</strong></span> <span class='ocrx_word' id='word_1_69' title='bbox 607 1360 730 1444; x_wconf 91' lang='lat' dir='ltr'><strong>primus</strong></span> <span class='ocrx_word' id='word_1_70' title='bbox 753 1361 847 1424; x_wconf 86' lang='lat' dir='ltr'><strong>finxit</strong></span> <span class='ocrx_word' id='word_1_71' title='bbox 869 1361 930 1425; x_wconf 93' lang='lat' dir='ltr'><strong>hoc</strong></span> <span class='ocrx_word' id='word_1_72' title='bbox 954 1363 1113 1426; x_wconf 77' lang='lat' dir='ltr'><strong>serbums</strong></span> 
     </span>
     <span class='ocr_line' id='line_1_11' title="bbox 72 1440 1087 1531; baseline 0.005 -23"><span class='ocrx_word' id='word_1_73' title='bbox 72 1440 269 1531; x_wconf 73' lang='lat' dir='ltr'><strong>slsrgilius</strong></span> <span class='ocrx_word' id='word_1_74' title='bbox 292 1449 483 1531; x_wconf 73' lang='lat' dir='ltr'><strong>insolenter,</strong></span> <span class='ocrx_word' id='word_1_75' title='bbox 507 1450 563 1512; x_wconf 88' lang='lat' dir='ltr'><strong>sed</strong></span> <span class='ocrx_word' id='word_1_76' title='bbox 586 1449 619 1512; x_wconf 94' lang='lat' dir='ltr'><strong>in</strong></span> <span class='ocrx_word' id='word_1_77' title='bbox 643 1450 839 1513; x_wconf 85' lang='lat' dir='ltr'><strong>carminibus</strong></span> <span class='ocrx_word' id='word_1_78' title='bbox 861 1448 1017 1514; x_wconf 89' lang='lat' dir='ltr'><strong>Lucreti</strong></span> <span class='ocrx_word' id='word_1_79' title='bbox 1040 1452 1087 1514; x_wconf 91' lang='lat' dir='ltr'><strong>in-</strong></span> 
     </span>
     <span class='ocr_line' id='line_1_12' title="bbox 103 1538 1087 1621; baseline 0.007 -26"><span class='ocrx_word' id='word_1_80' title='bbox 103 1538 176 1597; x_wconf 72' lang='lat' dir='ltr'><strong>vem</strong></span> <span class='ocrx_word' id='word_1_81' title='bbox 194 1559 267 1601; x_wconf 87' lang='lat' dir='ltr'><strong>usus</strong></span> <span class='ocrx_word' id='word_1_82' title='bbox 289 1542 340 1602; x_wconf 92' lang='lat' dir='ltr'><strong>est</strong></span> <span class='ocrx_word' id='word_1_83' title='bbox 363 1559 430 1601; x_wconf 92' lang='lat' dir='ltr'><strong>non</strong></span> <span class='ocrx_word' id='word_1_84' title='bbox 452 1542 639 1621; x_wconf 86' lang='lat' dir='ltr'><strong>aspernatus</strong></span> <span class='ocrx_word' id='word_1_85' title='bbox 662 1539 887 1602; x_wconf 87' lang='lat' dir='ltr'><strong>auctoritatem</strong></span> <span class='ocrx_word' id='word_1_86' title='bbox 907 1543 1021 1620; x_wconf 89' lang='lat' dir='ltr'><strong>poetae</strong></span> <span class='ocrx_word' id='word_1_87' title='bbox 1040 1540 1087 1602; x_wconf 91' lang='lat' dir='ltr'><strong>in-</strong></span> 
     </span>
     <span class='ocr_line' id='line_1_13' title="bbox 104 1622 1114 1709; baseline 0.005 -22"><span class='ocrx_word' id='word_1_88' title='bbox 104 1622 174 1703; x_wconf 76' lang='lat' dir='ltr'><strong>genio</strong></span> <span class='ocrx_word' id='word_1_89' title='bbox 189 1632 219 1689; x_wconf 88' lang='lat' dir='ltr'><strong>et</strong></span> <span class='ocrx_word' id='word_1_90' title='bbox 234 1626 385 1689; x_wconf 69' lang='lat' dir='ltr'><strong>mcundia</strong></span> <span class='ocrx_word' id='word_1_91' title='bbox 404 1625 645 1709; x_wconf 86' lang='lat' dir='ltr'><strong>praecellentis’</strong></span> <span class='ocrx_word' id='word_1_92' title='bbox 683 1625 791 1690; x_wconf 88' lang='lat' dir='ltr'><strong>Verba</strong></span> <span class='ocrx_word' id='word_1_93' title='bbox 809 1648 850 1689; x_wconf 83' lang='lat' dir='ltr'><strong>ex</strong></span> <span class='ocrx_word' id='word_1_94' title='bbox 865 1624 913 1689; x_wconf 92' lang='lat' dir='ltr'><strong>IV</strong></span> <span class='ocrx_word' id='word_1_95' title='bbox 931 1626 1114 1692; x_wconf 88' lang='lat' dir='ltr'><strong>Lucretio</strong></span> 
     </span>
     <span class='ocr_line' id='line_1_14' title="bbox 106 1712 422 1796; baseline 0.022 -25"><span class='ocrx_word' id='word_1_96' title='bbox 106 1716 135 1785; x_wconf 80' lang='lat' dir='ltr'><strong>(u</strong></span> <span class='ocrx_word' id='word_1_97' title='bbox 143 1716 210 1796; x_wconf 83' lang='lat'><em>221)</em></span> <span class='ocrx_word' id='word_1_98' title='bbox 230 1712 309 1779; x_wconf 86' lang='lat' dir='ltr'><strong>haee</strong></span> <span class='ocrx_word' id='word_1_99' title='bbox 331 1720 422 1780; x_wconf 87' lang='lat' dir='ltr'><strong>sunt:</strong></span> 
     </span>
     <span class='ocr_line' id='line_1_15' title="bbox 684 1803 1042 1887; baseline -0.003 -20"><span class='ocrx_word' id='word_1_100' title='bbox 684 1803 884 1887; x_wconf 90' lang='lat' dir='ltr'><strong>dilutaque</strong></span> <span class='ocrx_word' id='word_1_101' title='bbox 908 1807 1042 1868; x_wconf 88' lang='lat' dir='ltr'><strong>contra</strong></span> 
     </span>
     <span class='ocr_line' id='line_1_16' title="bbox 79 1891 1085 1977; baseline 0.009 -30"><span class='ocrx_word' id='word_1_102' title='bbox 79 1904 100 1947; x_wconf 77' lang='grc' dir='ltr'>ι</span> <span class='ocrx_word' id='word_1_103' title='bbox 136 1907 201 1953; x_wconf 81' lang='lat' dir='ltr'><strong>sum</strong></span> <span class='ocrx_word' id='word_1_104' title='bbox 216 1892 360 1955; x_wconf 91' lang='lat' dir='ltr'><strong>tuimur</strong></span> <span class='ocrx_word' id='word_1_105' title='bbox 378 1892 532 1956; x_wconf 81' lang='lat' dir='ltr'><strong>misceri</strong></span> <span class='ocrx_word' id='word_1_106' title='bbox 550 1891 761 1974; x_wconf 87' lang='lat' dir='ltr'><strong>absinthia,</strong></span> <span class='ocrx_word' id='word_1_107' title='bbox 784 1893 911 1977; x_wconf 89' lang='lat' dir='ltr'><strong>tangit</strong></span> <span class='ocrx_word' id='word_1_108' title='bbox 929 1913 1085 1956; x_wconf 84' lang='lat' dir='ltr'><strong>amaror.</strong></span> 
     </span>
    </p>
   </div>
   <div class='ocr_carea' id='block_1_3' title="bbox 107 2002 1113 2195">
    <p class='ocr_par' dir='ltr' id='par_1_3' title="bbox 107 2002 1113 2195">
     <span class='ocr_line' id='line_1_17' title="bbox 107 2002 1113 2100; baseline 0.011 -29"><span class='ocrx_word' id='word_1_109' title='bbox 107 2002 159 2073; x_wconf 78' lang='lat' dir='ltr'><strong>b&#39;on</strong></span> <span class='ocrx_word' id='word_1_110' title='bbox 176 2015 266 2078; x_wconf 70' lang='lat' dir='ltr'><strong>verba</strong></span> <span class='ocrx_word' id='word_1_111' title='bbox 287 2021 395 2080; x_wconf 87' lang='lat' dir='ltr'><strong>autem</strong></span> <span class='ocrx_word' id='word_1_112' title='bbox 420 2017 498 2099; x_wconf 87' lang='lat' dir='ltr'><strong>sola,</strong></span> <span class='ocrx_word' id='word_1_113' title='bbox 520 2016 576 2080; x_wconf 91' lang='lat' dir='ltr'><strong>sed</strong></span> <span class='ocrx_word' id='word_1_114' title='bbox 594 2037 704 2079; x_wconf 84' lang='lat' dir='ltr'><strong>versus</strong></span> <span class='ocrx_word' id='word_1_115' title='bbox 723 2038 823 2100; x_wconf 90' lang='lat' dir='ltr'><strong>prope</strong></span> <span class='ocrx_word' id='word_1_116' title='bbox 841 2020 928 2079; x_wconf 88' lang='lat' dir='ltr'><strong>totos</strong></span> <span class='ocrx_word' id='word_1_117' title='bbox 947 2019 979 2079; x_wconf 90' lang='lat' dir='ltr'><strong>et</strong></span> <span class='ocrx_word' id='word_1_118' title='bbox 997 2017 1113 2082; x_wconf 66' lang='lat' dir='ltr'><strong>locos?</strong></span> 
     </span>
     <span class='ocr_line' id='line_1_18' title="bbox 108 2103 1085 2195; baseline 0.003 -31"><span class='ocrx_word' id='word_1_119' title='bbox 108 2118 202 2195; x_wconf 66' lang='lat' dir='ltr'><strong>quoque</strong></span> <span class='ocrx_word' id='word_1_120' title='bbox 226 2103 380 2169; x_wconf 87' lang='lat' dir='ltr'><strong>Lucreti</strong></span> <span class='ocrx_word' id='word_1_121' title='bbox 409 2106 566 2188; x_wconf 90' lang='lat' dir='ltr'><strong>plurimos</strong></span> <span class='ocrx_word' id='word_1_122' title='bbox 594 2109 750 2168; x_wconf 88' lang='lat' dir='ltr'><strong>sectatum</strong></span> <span class='ocrx_word' id='word_1_123' title='bbox 778 2126 847 2167; x_wconf 88' lang='lat' dir='ltr'><strong>esse</strong></span> <span class='ocrx_word' id='word_1_124' title='bbox 870 2103 1085 2188; x_wconf 81' lang='lat' dir='ltr'><strong>Vergilium</strong></span> 
     </span>
    </p>
   </div>
   <div class='ocr_carea' id='block_1_4' title="bbox 109 2186 224 2255">
    <p class='ocr_par' dir='ltr' id='par_1_4' title="bbox 109 2186 224 2255">
     <span class='ocr_line' id='line_1_19' title="bbox 109 2186 224 2255; baseline 0.061 -9"><span class='ocrx_word' id='word_1_125' title='bbox 109 2186 224 2255; x_wconf 75' lang='lat' dir='ltr'><strong>udonus.</strong></span> 
     </span>
    </p>
   </div>
   <div class='ocr_carea' id='block_1_5' title="bbox 530 2367 624 2432">
    <p class='ocr_par' dir='ltr' id='par_1_5' title="bbox 530 2367 624 2432">
     <span class='ocr_line' id='line_1_20' title="bbox 530 2367 624 2432; baseline 0 0"><span class='ocrx_word' id='word_1_126' title='bbox 530 2367 624 2432; x_wconf 85' lang='lat' dir='ltr'>XXII</span> 
     </span>
    </p>
   </div>
   <div class='ocr_carea' id='block_1_6' title="bbox 72 2480 1084 2628">
    <p class='ocr_par' dir='ltr' id='par_1_6' title="bbox 72 2480 1084 2628">
     <span class='ocr_line' id='line_1_21' title="bbox 72 2480 1084 2562; baseline -0.002 -17"><span class='ocrx_word' id='word_1_127' title='bbox 72 2480 139 2545; x_wconf 60' lang='lat'><strong>⁵²³⁰,</strong></span> <span class='ocrx_word' id='word_1_128' title='bbox 152 2487 192 2554; x_wconf 87' lang='lat' dir='ltr'><strong>qui</strong></span> <span class='ocrx_word' id='word_1_129' title='bbox 205 2504 304 2543; x_wconf 78' lang='lat' dir='ltr'><strong>causas</strong></span> <span class='ocrx_word' id='word_1_130' title='bbox 319 2489 455 2555; x_wconf 84' lang='lat' dir='ltr'><strong>defendit,</strong></span> <span class='ocrx_word' id='word_1_131' title='bbox 473 2492 549 2543; x_wconf 89' lang='lat' dir='ltr'><strong>recte</strong></span> <span class='ocrx_word' id='word_1_132' title='bbox 566 2488 722 2556; x_wconf 85' lang='lat' dir='ltr'><strong>Latineque</strong></span> <span class='ocrx_word' id='word_1_133' title='bbox 736 2488 814 2541; x_wconf 90' lang='lat' dir='ltr'><strong>dicat</strong></span> <span class='ocrx_word' id='word_1_134' title='bbox 829 2487 984 2558; x_wconf 86' lang='lat' dir='ltr'><strong>‘superesse</strong></span> <span class='ocrx_word' id='word_1_135' title='bbox 1000 2490 1084 2562; x_wconf 84' lang='lat' dir='ltr'><strong>&lt;se&gt;’</strong></span> 
     </span>
     <span class='ocr_line' id='line_1_22' title="bbox 122 2558 979 2628; baseline 0.002 -17"><span class='ocrx_word' id='word_1_136' title='bbox 122 2576 125 2587; x_wconf 93' lang='lat'>·</span> <span class='ocrx_word' id='word_1_137' title='bbox 180 2558 214 2619; x_wconf 79' lang='lat' dir='ltr'><strong>is,</strong></span> <span class='ocrx_word' id='word_1_138' title='bbox 232 2577 302 2627; x_wconf 88' lang='lat' dir='ltr'><strong>quos</strong></span> <span class='ocrx_word' id='word_1_139' title='bbox 321 2560 462 2628; x_wconf 83' lang='lat' dir='ltr'><strong>defendit;</strong></span> <span class='ocrx_word' id='word_1_140' title='bbox 482 2562 511 2614; x_wconf 90' lang='lat' dir='ltr'><strong>et</strong></span> <span class='ocrx_word' id='word_1_141' title='bbox 530 2561 698 2628; x_wconf 85' lang='lat' dir='ltr'><strong>‘superesse&#39;</strong></span> <span class='ocrx_word' id='word_1_142' title='bbox 717 2559 829 2628; x_wconf 89' lang='lat' dir='ltr'><strong>proprie</strong></span> <span class='ocrx_word' id='word_1_143' title='bbox 848 2560 917 2627; x_wconf 89' lang='lat' dir='ltr'><strong>quid</strong></span> <span class='ocrx_word' id='word_1_144' title='bbox 936 2561 979 2613; x_wconf 88' lang='lat' dir='ltr'><strong>sit.</strong></span> 
     </span>
    </p>
   </div>
   <div class='ocr_carea' id='block_1_7' title="bbox 72 2680 1112 3216">
    <p class='ocr_par' dir='ltr' id='par_1_7' title="bbox 105 2680 1110 2948">
     <span class='ocr_line' id='line_1_23' title="bbox 149 2680 1110 2769; baseline 0.003 -20"><span class='ocrx_word' id='word_1_145' title='bbox 149 2680 340 2751; x_wconf 80' lang='lat' dir='ltr'><strong>lnroboravit</strong></span> <span class='ocrx_word' id='word_1_146' title='bbox 367 2688 621 2769; x_wconf 81' lang='lat' dir='ltr'><strong>inveteravitque</strong></span> <span class='ocrx_word' id='word_1_147' title='bbox 644 2685 726 2750; x_wconf 86' lang='lat' dir='ltr'><strong>falsa</strong></span> <span class='ocrx_word' id='word_1_148' title='bbox 748 2691 845 2769; x_wconf 87' lang='lat' dir='ltr'><strong>atque</strong></span> <span class='ocrx_word' id='word_1_149' title='bbox 868 2687 972 2750; x_wconf 84' lang='lat' dir='ltr'><strong>aliena</strong></span> <span class='ocrx_word' id='word_1_150' title='bbox 996 2688 1110 2752; x_wconf 78' lang='lat' dir='ltr'><strong>uerbis</strong></span> 
     </span>
     <span class='ocr_line' id='line_1_24' title="bbox 106 2766 1085 2857; baseline 0 -19"><span class='ocrx_word' id='word_1_151' title='bbox 106 2766 273 2855; x_wconf 69' lang='lat' dir='ltr'><strong>imbutio,</strong></span> <span class='ocrx_word' id='word_1_152' title='bbox 296 2777 383 2857; x_wconf 93' lang='lat' dir='ltr'><strong>quod</strong></span> <span class='ocrx_word' id='word_1_153' title='bbox 406 2777 523 2841; x_wconf 87' lang='lat' dir='ltr'><strong>dicitur</strong></span> <span class='ocrx_word' id='word_1_154' title='bbox 545 2775 611 2839; x_wconf 80' lang='lat' dir='ltr'><strong>‘hic</strong></span> <span class='ocrx_word' id='word_1_155' title='bbox 631 2776 680 2838; x_wconf 91' lang='lat' dir='ltr'><strong>illi</strong></span> <span class='ocrx_word' id='word_1_156' title='bbox 699 2775 866 2857; x_wconf 84' lang='lat' dir='ltr'><strong>superest’,</strong></span> <span class='ocrx_word' id='word_1_157' title='bbox 888 2797 961 2838; x_wconf 92' lang='lat' dir='ltr'><strong>cum</strong></span> <span class='ocrx_word' id='word_1_158' title='bbox 981 2776 1085 2838; x_wconf 86' lang='lat' dir='ltr'><strong>dicen-</strong></span> 
     </span>
     <span class='ocr_line' id='line_1_25' title="bbox 105 2853 1085 2948; baseline 0.004 -25"><span class='ocrx_word' id='word_1_159' title='bbox 105 2853 156 2923; x_wconf 76' lang='grc'><strong>1111</strong></span> <span class='ocrx_word' id='word_1_160' title='bbox 174 2870 219 2927; x_wconf 87' lang='lat' dir='ltr'><strong>est</strong></span> <span class='ocrx_word' id='word_1_161' title='bbox 236 2864 426 2928; x_wconf 83' lang='lat' dir='ltr'><strong>advocatum</strong></span> <span class='ocrx_word' id='word_1_162' title='bbox 445 2886 514 2929; x_wconf 88' lang='lat' dir='ltr'><strong>esse</strong></span> <span class='ocrx_word' id='word_1_163' title='bbox 533 2886 628 2948; x_wconf 91' lang='lat' dir='ltr'><strong>quem</strong></span> <span class='ocrx_word' id='word_1_164' title='bbox 648 2864 786 2946; x_wconf 87' lang='lat' dir='ltr'><strong>cuipiam</strong></span> <span class='ocrx_word' id='word_1_165' title='bbox 807 2885 999 2946; x_wconf 79' lang='lat' dir='ltr'><strong>causamque</strong></span> <span class='ocrx_word' id='word_1_166' title='bbox 1018 2866 1085 2927; x_wconf 87' lang='lat' dir='ltr'><strong>eius</strong></span> 
     </span>
    </p>

    <p class='ocr_par' dir='ltr' id='par_1_8' title="bbox 72 2941 1111 3126">
     <span class='ocr_line' id='line_1_26' title="bbox 72 2941 1111 3035; baseline 0.004 -24"><span class='ocrx_word' id='word_1_167' title='bbox 72 2941 246 3027; x_wconf 41' lang='lat' dir='ltr'><strong>,sidentem</strong></span> <span class='ocrx_word' id='word_1_168' title='bbox 292 2951 401 3035; x_wconf 88' lang='lat' dir='ltr'><strong>Atque</strong></span> <span class='ocrx_word' id='word_1_169' title='bbox 428 2954 461 3017; x_wconf 92' lang='lat' dir='ltr'><strong>id</strong></span> <span class='ocrx_word' id='word_1_170' title='bbox 488 2954 607 3018; x_wconf 89' lang='lat' dir='ltr'><strong>dicitur</strong></span> <span class='ocrx_word' id='word_1_171' title='bbox 633 2974 698 3016; x_wconf 92' lang='lat' dir='ltr'><strong>non</strong></span> <span class='ocrx_word' id='word_1_172' title='bbox 726 2953 760 3015; x_wconf 94' lang='lat' dir='ltr'><strong>in</strong></span> <span class='ocrx_word' id='word_1_173' title='bbox 786 2953 935 3034; x_wconf 88' lang='lat' dir='ltr'><strong>compitis</strong></span> <span class='ocrx_word' id='word_1_174' title='bbox 959 2957 1111 3015; x_wconf 78' lang='lat' dir='ltr'><strong>tantuma</strong></span> 
     </span>
     <span class='ocr_line' id='line_1_27' title="bbox 105 3041 1086 3126; baseline 0.001 -25"><span class='ocrx_word' id='word_1_175' title='bbox 105 3052 178 3117; x_wconf 68' lang='lat' dir='ltr'><strong>nsque</strong></span> <span class='ocrx_word' id='word_1_176' title='bbox 198 3042 231 3104; x_wconf 90' lang='lat' dir='ltr'><strong>in</strong></span> <span class='ocrx_word' id='word_1_177' title='bbox 253 3042 347 3124; x_wconf 88' lang='lat' dir='ltr'><strong>plebe</strong></span> <span class='ocrx_word' id='word_1_178' title='bbox 370 3041 524 3126; x_wconf 87' lang='lat' dir='ltr'><strong>volgaria,</strong></span> <span class='ocrx_word' id='word_1_179' title='bbox 546 3042 600 3106; x_wconf 90' lang='lat' dir='ltr'><strong>sed</strong></span> <span class='ocrx_word' id='word_1_180' title='bbox 625 3042 659 3105; x_wconf 93' lang='lat' dir='ltr'><strong>in</strong></span> <span class='ocrx_word' id='word_1_181' title='bbox 679 3041 761 3121; x_wconf 84' lang='lat' dir='ltr'><strong>foro,</strong></span> <span class='ocrx_word' id='word_1_182' title='bbox 783 3041 818 3103; x_wconf 93' lang='lat' dir='ltr'><strong>in</strong></span> <span class='ocrx_word' id='word_1_183' title='bbox 836 3042 977 3122; x_wconf 88' lang='lat' dir='ltr'><strong>comiti0,</strong></span> <span class='ocrx_word' id='word_1_184' title='bbox 1000 3041 1086 3122; x_wconf 90' lang='lat' dir='ltr'><strong>apud</strong></span> 
     </span>
    </p>

    <p class='ocr_par' dir='ltr' id='par_1_9' title="bbox 104 3122 1112 3216">
     <span class='ocr_line' id='line_1_28' title="bbox 104 3122 1112 3216; baseline 0.002 -27"><span class='ocrx_word' id='word_1_185' title='bbox 104 3122 250 3193; x_wconf 70' lang='lat' dir='ltr'><strong>binalis.</strong></span> <span class='ocrx_word' id='word_1_186' title='bbox 301 3129 365 3206; x_wconf 90' lang='lat' dir='ltr'><strong>Qui</strong></span> <span class='ocrx_word' id='word_1_187' title='bbox 396 3132 520 3216; x_wconf 89' lang='lat' dir='ltr'><strong>integre</strong></span> <span class='ocrx_word' id='word_1_188' title='bbox 550 3135 657 3195; x_wconf 89' lang='lat' dir='ltr'><strong>autem</strong></span> <span class='ocrx_word' id='word_1_189' title='bbox 685 3131 786 3194; x_wconf 86' lang='lat' dir='ltr'><strong>locuti</strong></span> <span class='ocrx_word' id='word_1_190' title='bbox 815 3133 902 3210; x_wconf 88' lang='lat' dir='ltr'><strong>sunt,</strong></span> <span class='ocrx_word' id='word_1_191' title='bbox 935 3146 1112 3213; x_wconf 73' lang='lat' dir='ltr'><strong>magnaura</strong></span> 
     </span>
    </p>
   </div>
   <div class='ocr_carea' id='block_1_8' title="bbox 105 3244 280 3264">
    <p class='ocr_par' dir='ltr' id='par_1_10' title="bbox 105 3244 280 3264">
     <span class='ocr_line' id='line_1_29' title="bbox 105 3244 280 3264; baseline 0.011 -3"><span class='ocrx_word' id='word_1_192' title='bbox 105 3244 280 3264; x_wconf 39' lang='lat' dir='ltr'><strong>‘’Qu-...-</strong></span> 
     </span>
    </p>
   </div>
   <div class='ocr_carea' id='block_1_9' title="bbox 153 3318 1086 3391">
    <p class='ocr_par' dir='ltr' id='par_1_11' title="bbox 153 3318 1086 3391">
     <span class='ocr_line' id='line_1_30' title="bbox 153 3318 1086 3391; baseline -0.001 -20"><span class='ocrx_word' id='word_1_193' title='bbox 153 3324 166 3371; x_wconf 81' lang='lat' dir='ltr'><strong>t</strong></span> <span class='ocrx_word' id='word_1_194' title='bbox 178 3320 227 3375; x_wconf 78' lang='lat' dir='ltr'><strong>cic.</strong></span> <span class='ocrx_word' id='word_1_195' title='bbox 242 3322 279 3376; x_wconf 84' lang='lat' dir='ltr'><strong>ad</strong></span> <span class='ocrx_word' id='word_1_196' title='bbox 294 3322 360 3376; x_wconf 79' lang='lat' dir='ltr'><strong>fem.</strong></span> <span class='ocrx_word' id='word_1_197' title='bbox 371 3321 423 3375; x_wconf 85' lang='lat' dir='ltr'><strong>VII</strong></span> <span class='ocrx_word' id='word_1_198' title='bbox 434 3328 475 3387; x_wconf 79' lang='lat'><strong>12,</strong></span> <span class='ocrx_word' id='word_1_199' title='bbox 486 3328 502 3375; x_wconf 78' lang='lat'><strong>2</strong></span> <span class='ocrx_word' id='word_1_200' title='bbox 516 3322 595 3376; x_wconf 87' lang='lat' dir='ltr'><strong>Paul.</strong></span> <span class='ocrx_word' id='word_1_201' title='bbox 606 3341 633 3391; x_wconf 94' lang='lat' dir='ltr'><strong>p.</strong></span> <span class='ocrx_word' id='word_1_202' title='bbox 644 3328 687 3387; x_wconf 74' lang='lat'><strong>92,</strong></span> <span class='ocrx_word' id='word_1_203' title='bbox 700 3327 727 3385; x_wconf 85' lang='grc'><strong>1;</strong></span> <span class='ocrx_word' id='word_1_204' title='bbox 744 3327 803 3386; x_wconf 79' lang='lat'>115,</span> <span class='ocrx_word' id='word_1_205' title='bbox 813 3327 829 3375; x_wconf 82' lang='grc'>4</span> <span class='ocrx_word' id='word_1_206' title='bbox 845 3320 918 3373; x_wconf 85' lang='lat' dir='ltr'><strong>Serv.</strong></span> <span class='ocrx_word' id='word_1_207' title='bbox 929 3318 967 3388; x_wconf 88' lang='lat' dir='ltr'><strong>pl.</strong></span> <span class='ocrx_word' id='word_1_208' title='bbox 978 3321 1011 3372; x_wconf 83' lang='lat' dir='ltr'><strong>A.</strong></span> <span class='ocrx_word' id='word_1_209' title='bbox 1022 3319 1086 3371; x_wconf 82' lang='lat' dir='ltr'><strong>Vlll</strong></span> 
     </span>
    </p>
   </div>
   <div class='ocr_carea' id='block_1_10' title="bbox 98 3388 1084 3517">
    <p class='ocr_par' dir='ltr' id='par_1_12' title="bbox 98 3388 1084 3517">
     <span class='ocr_line' id='line_1_31' title="bbox 98 3388 1084 3517; baseline 0.001 -76"><span class='ocrx_word' id='word_1_210' title='bbox 98 3388 172 3512; x_wconf 44' lang='lat' dir='ltr'><strong>glai</strong></span> <span class='ocrx_word' id='word_1_211' title='bbox 188 3392 342 3517; x_wconf 60' lang='lat' dir='ltr'><strong>ullde2deo</strong></span> <span class='ocrx_word' id='word_1_212' title='bbox 357 3393 384 3447; x_wconf 89' lang='lat' dir='ltr'><strong>S.</strong></span> <span class='ocrx_word' id='word_1_213' title='bbox 395 3399 412 3446; x_wconf 79' lang='lat'><strong>5</strong></span> <span class='ocrx_word' id='word_1_214' title='bbox 425 3394 522 3462; x_wconf 86' lang='lat' dir='ltr'><strong>Polyb.</strong></span> <span class='ocrx_word' id='word_1_215' title='bbox 533 3394 571 3446; x_wconf 91' lang='lat' dir='ltr'><strong>III</strong></span> <span class='ocrx_word' id='word_1_216' title='bbox 585 3399 627 3460; x_wconf 79' lang='lat'><strong>25,</strong></span> <span class='ocrx_word' id='word_1_217' title='bbox 643 3398 659 3446; x_wconf 79' lang='grc'>6</span> <span class='ocrx_word' id='word_1_218' title='bbox 674 3392 746 3447; x_wconf 85' lang='lat' dir='ltr'><strong>Plut.</strong></span> <span class='ocrx_word' id='word_1_219' title='bbox 758 3391 825 3447; x_wconf 84' lang='lat' dir='ltr'><strong>sull.</strong></span> <span class='ocrx_word' id='word_1_220' title='bbox 838 3397 871 3444; x_wconf 84' lang='lat'><strong>10</strong></span> <span class='ocrx_word' id='word_1_221' title='bbox 981 3397 1013 3443; x_wconf 84' lang='grc'><strong>16</strong></span> <span class='ocrx_word' id='word_1_222' title='bbox 1024 3408 1084 3458; x_wconf 90' lang='lat' dir='ltr'><strong>sqq.</strong></span> 
     </span>
    </p>
   </div>
   <div class='ocr_carea' id='block_1_11' title="bbox 87 3638 1086 3785">
    <p class='ocr_par' dir='ltr' id='par_1_13' title="bbox 87 3638 1086 3785">
     <span class='ocr_line' id='line_1_32' title="bbox 150 3638 1086 3713; baseline -0.004 -20"><span class='ocrx_word' id='word_1_223' title='bbox 150 3646 163 3693; x_wconf 76' lang='lat'><strong><em>3</em></strong></span> <span class='ocrx_word' id='word_1_224' title='bbox 178 3640 327 3697; x_wconf 73' lang='lat' dir='ltr'><strong>Favorinus</strong></span> <span class='ocrx_word' id='word_1_225' title='bbox 343 3685 366 3696; x_wconf 95' lang='lat'><strong>..</strong></span> <span class='ocrx_word' id='word_1_226' title='bbox 382 3642 498 3711; x_wconf 82' lang='lat' dir='ltr'><strong>legisset</strong></span> <span class='ocrx_word' id='word_1_227' title='bbox 512 3643 573 3713; x_wconf 59' lang='lat' dir='ltr'><strong>ss&#39;jb</strong></span> <span class='ocrx_word' id='word_1_228' title='bbox 588 3639 665 3695; x_wconf 90' lang='lat' dir='ltr'><strong>illius</strong></span> <span class='ocrx_word' id='word_1_229' title='bbox 676 3640 782 3694; x_wconf 92' lang='lat' dir='ltr'><strong>-risit</strong></span> <span class='ocrx_word' id='word_1_230' title='bbox 795 3641 835 3710; x_wconf 86' lang='lat' dir='ltr'><strong>et]</strong></span> <span class='ocrx_word' id='word_1_231' title='bbox 851 3641 868 3709; x_wconf 85' lang='grc' dir='ltr'>β</span> <span class='ocrx_word' id='word_1_232' title='bbox 882 3655 992 3692; x_wconf 85' lang='lat' dir='ltr'><strong>amaror</strong></span> <span class='ocrx_word' id='word_1_233' title='bbox 1007 3638 1030 3691; x_wconf 84' lang='lat' dir='ltr'><strong>is</strong></span> <span class='ocrx_word' id='word_1_234' title='bbox 1046 3659 1067 3689; x_wconf 85' lang='grc' dir='ltr'>ω</span> <span class='ocrx_word' id='word_1_235' title='bbox 1084 3666 1086 3695; x_wconf 92' lang='grc'>;</span> 
     </span>
     <span class='ocr_line' id='line_1_33' title="bbox 87 3707 1085 3785; baseline -0.006 -19"><span class='ocrx_word' id='word_1_236' title='bbox 87 3712 103 3759; x_wconf 77' lang='grc'><strong>6</strong></span> <span class='ocrx_word' id='word_1_237' title='bbox 119 3707 241 3785; x_wconf 74' lang='lat' dir='ltr'><strong>lapidem]</strong></span> <span class='ocrx_word' id='word_1_238' title='bbox 260 3716 279 3785; x_wconf 76' lang='grc' dir='ltr'><strong><em>β</em></strong></span> <span class='ocrx_word' id='word_1_239' title='bbox 296 3712 442 3785; x_wconf 86' lang='lat' dir='ltr'><strong>lapideum</strong></span> <span class='ocrx_word' id='word_1_240' title='bbox 460 3733 482 3766; x_wconf 86' lang='grc' dir='ltr'><strong><em>ω</em></strong></span> <span class='ocrx_word' id='word_1_241' title='bbox 495 3716 505 3781; x_wconf 71' lang='lat' dir='ltr'>fl</span> <span class='ocrx_word' id='word_1_242' title='bbox 520 3718 553 3766; x_wconf 89' lang='lat'><strong>10</strong></span> <span class='ocrx_word' id='word_1_243' title='bbox 572 3713 703 3766; x_wconf 87' lang='lat' dir='ltr'><strong>inuentus</strong></span> <span class='ocrx_word' id='word_1_244' title='bbox 718 3714 761 3765; x_wconf 88' lang='lat' dir='ltr'><strong>est</strong></span> <span class='ocrx_word' id='word_1_245' title='bbox 779 3728 835 3763; x_wconf 91' lang='lat' dir='ltr'><strong>non</strong></span> <span class='ocrx_word' id='word_1_246' title='bbox 855 3731 875 3762; x_wconf 88' lang='grc' dir='ltr'><strong>ω</strong></span> <span class='ocrx_word' id='word_1_247' title='bbox 894 3726 962 3764; x_wconf 86' lang='lat' dir='ltr'><strong>corr.</strong></span> <span class='ocrx_word' id='word_1_248' title='bbox 979 3710 1085 3763; x_wconf 67' lang='lat' dir='ltr'><strong>sure-›z-</strong></span> 
     </span>
    </p>
   </div>
   <div class='ocr_carea' id='block_1_12' title="bbox 80 3779 1085 3926">
    <p class='ocr_par' dir='ltr' id='par_1_14' title="bbox 80 3779 1085 3926">
     <span class='ocr_line' id='line_1_34' title="bbox 84 3779 1085 3854; baseline -0.004 -19"><span class='ocrx_word' id='word_1_249' title='bbox 84 3779 139 3835; x_wconf 69' lang='grc' dir='ltr'>Μ</span> <span class='ocrx_word' id='word_1_250' title='bbox 150 3782 293 3839; x_wconf 86' lang='lat' dir='ltr'><strong>inuentum</strong></span> <span class='ocrx_word' id='word_1_251' title='bbox 310 3788 355 3839; x_wconf 92' lang='lat' dir='ltr'><strong>est</strong></span> <span class='ocrx_word' id='word_1_252' title='bbox 368 3801 421 3839; x_wconf 87' lang='lat' dir='ltr'><strong>nec</strong></span> <span class='ocrx_word' id='word_1_253' title='bbox 434 3802 493 3854; x_wconf 88' lang='lat' dir='ltr'><strong>esp.</strong></span> <span class='ocrx_word' id='word_1_254' title='bbox 509 3787 552 3839; x_wconf 86' lang='lat' dir='ltr'><strong>est</strong></span> <span class='ocrx_word' id='word_1_255' title='bbox 566 3785 584 3854; x_wconf 79' lang='grc' dir='ltr'><strong>β</strong></span> <span class='ocrx_word' id='word_1_256' title='bbox 597 3786 606 3853; x_wconf 81' lang='grc' dir='ltr'><strong>ΙΙ</strong></span> <span class='ocrx_word' id='word_1_257' title='bbox 621 3790 654 3837; x_wconf 79' lang='lat'><strong>15</strong></span> <span class='ocrx_word' id='word_1_258' title='bbox 668 3782 827 3837; x_wconf 89' lang='lat' dir='ltr'><strong>contuimur</strong></span> <span class='ocrx_word' id='word_1_259' title='bbox 840 3783 886 3850; x_wconf 74' lang='grc' dir='ltr'><strong>Ββ</strong></span> <span class='ocrx_word' id='word_1_260' title='bbox 899 3784 908 3847; x_wconf 75' lang='grc' dir='ltr'><strong>ΙΙ</strong></span> <span class='ocrx_word' id='word_1_261' title='bbox 922 3786 956 3832; x_wconf 77' lang='lat'><strong>20</strong></span> <span class='ocrx_word' id='word_1_262' title='bbox 976 3796 1005 3832; x_wconf 86' lang='lat' dir='ltr'><strong>sc</strong></span> <span class='ocrx_word' id='word_1_263' title='bbox 1020 3780 1085 3832; x_wconf 73' lang='lat' dir='ltr'><strong>(uid.</strong></span> 
     </span>
     <span class='ocr_line' id='line_1_35' title="bbox 80 3852 828 3926; baseline -0.005 -17"><span class='ocrx_word' id='word_1_264' title='bbox 80 3852 179 3921; x_wconf 72' lang='lat' dir='ltr'><strong>Canio,</strong></span> <span class='ocrx_word' id='word_1_265' title='bbox 196 3858 245 3925; x_wconf 80' lang='lat' dir='ltr'><strong>qui</strong></span> <span class='ocrx_word' id='word_1_266' title='bbox 262 3856 290 3911; x_wconf 90' lang='lat' dir='ltr'><strong>ei</strong></span> <span class='ocrx_word' id='word_1_267' title='bbox 308 3856 385 3926; x_wconf 89' lang='lat' dir='ltr'><strong>quod</strong></span> <span class='ocrx_word' id='word_1_268' title='bbox 397 3860 407 3926; x_wconf 85' lang='grc' dir='ltr'><strong>ΙΙ</strong></span> <span class='ocrx_word' id='word_1_269' title='bbox 422 3862 452 3909; x_wconf 76' lang='lat'><strong>21</strong></span> <span class='ocrx_word' id='word_1_270' title='bbox 474 3855 505 3909; x_wconf 93' lang='lat' dir='ltr'><strong>id</strong></span> <span class='ocrx_word' id='word_1_271' title='bbox 524 3854 600 3923; x_wconf 90' lang='lat' dir='ltr'><strong>quod</strong></span> <span class='ocrx_word' id='word_1_272' title='bbox 619 3876 640 3908; x_wconf 82' lang='grc' dir='ltr'><strong><em>ω</em></strong></span> <span class='ocrx_word' id='word_1_273' title='bbox 658 3871 726 3910; x_wconf 85' lang='lat' dir='ltr'><strong>corr.</strong></span> <span class='ocrx_word' id='word_1_274' title='bbox 742 3855 828 3909; x_wconf 63' lang='lat' dir='ltr'><strong>Hertz</strong></span> 
     </span>
    </p>
   </div>
   <div class='ocr_carea' id='block_1_13' title="bbox 127 3946 925 3997">
    <p class='ocr_par' dir='ltr' id='par_1_15' title="bbox 127 3946 925 3997">
     <span class='ocr_line' id='line_1_36' title="bbox 127 3946 925 3997; baseline 0.008 -2"><span class='ocrx_word' id='word_1_275' title='bbox 127 3952 231 3997; x_wconf 69' lang='lat' dir='ltr'><strong>(imm</strong></span> <span class='ocrx_word' id='word_1_276' title='bbox 245 3955 281 3997; x_wconf 82' lang='lat' dir='ltr'><strong>ed.</strong></span> <span class='ocrx_word' id='word_1_277' title='bbox 296 3957 406 3997; x_wconf 77' lang='lat' dir='ltr'><strong>Hosius</strong></span> <span class='ocrx_word' id='word_1_278' title='bbox 910 3946 925 3993; x_wconf 75' lang='grc'>6</span> 
     </span>
    </p>
   </div>
   <div class='ocr_carea' id='block_1_14' title="bbox 0 0 1200 4298">
    <p class='ocr_par' dir='ltr' id='par_1_16' title="bbox 0 0 1200 4298">
     <span class='ocr_line' id='line_1_37' title="bbox 0 0 1200 4298; baseline 0 0"><span class='ocrx_word' id='word_1_279' title='bbox 0 0 1200 4298; x_wconf 95' lang='lat' dir='ltr'><strong> </strong></span> 
     </span>
    </p>
   </div>
  </div>
 </body>
</html>
