2144 4328
158 544 220 599 XVI
559 544 766 603 PRAEFATIO

153 718 184 773 et
200 733 306 789 pauco,
324 716 433 791 quibus
451 734 558 775 nomeu
576 717 731 793 scriptoris
749 720 885 794 apparel,
902 717 1064 797 apudV01

154 803 354 879 Lactantium,
367 802 514 881 Servium,
527 805 739 885 augustinum,
753 804 950 881 Priscisnm
967 810 999 866 et
1013 826 1063 883 pei

152 894 203 951 ubi
228 896 292 970 ipse
315 896 420 953 auctor
441 894 570 967 celatur,
596 912 656 969 quo
678 897 775 973 magis
797 895 960 973 expilatur,
986 896 1063 973 spui

152 984 252 1053 laium,
271 982 412 1057 Nonium,
427 982 629 1057 Ammianum,
647 983 887 1063 glossographus,
904 984 989 1045 alios
1027 982 1063 1055 01

153 1091 171 1129 a
203 1072 321 1131 saeculo
349 1071 392 1129 IX
422 1070 529 1131 horum
561 1074 676 1151 agmim
705 1090 737 1132 se
764 1072 961 1152 subiungant,
992 1074 1063 1135 Einl

152 1160 277 1219 loannes
315 1160 554 1235 Sarisberiensis,
589 1160 767 1221 Vincentius
802 1162 1040 1238 Bellovacensis,

152 1249 376 1323 Balsamiensis,
399 1251 453 1309 alii
475 1268 535 1311 non
557 1252 655 1327 pauci,
677 1250 790 1311 nullius
812 1250 852 1310 ad
873 1252 988 1311 tontum
1012 1270 1064 1313 res

151 1338 222 1397 dum
245 1340 344 1416 pretii,
367 1339 405 1398 ab
426 1340 484 1399 hac
506 1338 637 1399 editione
654 1342 769 1399 minore
786 1339 949 1400 moliendi
966 1344 1063 1401 erant

151 1429 216 1487 loco
245 1429 270 1486 X
297 1430 336 1486 17
365 1428 556 1489 vincentium
587 1430 742 1504 exscripsi,
773 1427 826 1487 ubi
857 1428 920 1488 alia
951 1432 1045 1505 atque

150 1517 239 1592 pluro
266 1517 365 1592 effert,
392 1518 472 1593 quod
498 1536 681 1593 quamquam
708 1536 744 1577 ox
768 1518 830 1577 alio
852 1518 936 1579 fonte
958 1536 1065 1581 eume

150 1616 238 1681 puto,
270 1608 348 1665 siout
378 1612 410 1665 et
440 1605 566 1667 Ioannes
595 1604 821 1667 Salaberiensis
848 1605 863 1665 I
888 1608 928 1665 14
962 1626 998 1667 ex
1025 1607 1065 1667 Fr

150 1695 238 1769 plura
270 1696 418 1773 suggessit
444 1695 566 1773 Hygino
593 1688 776 1776 Gelliano¹),
806 1700 908 1755 men
935 1696 1027 1773 plane
1054 1714 1066 1757 ι

151 1802 229 1843 mere
253 1785 344 1842 nolui.
525 1804 528 1811 ·

216 2052 330 2111 Gellius
367 2071 433 2111 cum
469 2052 576 2111 silvam
607 2054 760 2128 copiarum
792 2052 948 2111 collectam
980 2070 1069 2128 prop<

149 2140 318 2199 nominibus
337 2142 529 2216 antiquitatis
547 2141 753 2199 inclutissimIs
769 2139 923 2199 schedulas
937 2158 1007 2199 sues
1021 2144 1069 2219 imJ

151 2233 192 2299 ut,
212 2232 263 2303 qui
283 2248 302 2287 a
320 2230 402 2288 nullo
421 2231 552 2288 monitus
570 2232 633 2288 eius
651 2229 761 2287 librum
775 2230 940 2305 pervolvat,
959 2231 1070 2305 quinst

150 2319 265 2395 largum
289 2338 399 2394 penum
422 2319 582 2390 doctrinae,
606 2320 702 2377 tacere
725 2337 783 2377 non
806 2320 910 2394 possit
951 2320 1071 2379 Attame

149 2409 280 2466 curatius
304 2410 335 2466 in
359 2410 456 2467 fontes
479 2410 541 2467 eius
564 2410 749 2483 inquirentes
771 2426 829 2466 non
853 2408 932 2485 fugit
953 2406 1071 2467 Gelliun

150 2514 203 2554 sua
225 2497 318 2555 solius
340 2516 431 2572 opera
454 2498 507 2555 hos
528 2496 682 2557 thesauros
701 2515 897 2569 coacervasse,
919 2496 1050 2556 sednon

149 2604 180 2644 se
203 2587 399 2662 locupletasse
422 2586 566 2664 frugibus,
589 2588 714 2661 quaein
735 2586 840 2644 alienis
859 2587 939 2663 agris
958 2586 1069 2645 nusceb

149 2672 215 2742 Qua
237 2678 268 2734 in
292 2696 323 2733 re
346 2680 446 2733 tamen
470 2676 558 2753 longe
581 2676 707 2734 antistet
729 2676 868 2750 plurimis
890 2674 1012 2732 illarum
1032 2693 1068 2735 ee

149 2764 349 2840 scriptoribus.
399 2765 477 2822 Nam
509 2783 567 2822 non
599 2764 737 2823 sollemni
768 2782 868 2821 eorum
901 2781 983 2821 more
1010 2782 1064 2823 au

149 2870 268 2912 suorum
306 2873 341 2912 uc
375 2855 596 2912 nontinatorum
628 2852 747 2928 quidem
778 2854 889 2912 scrinia
920 2853 1068 2928 expilavit

149 2936 354 3016 plemmque²i
378 2942 502 3002 candide
525 2960 574 3001 eos
596 2961 653 3000 non
673 2941 760 3000 laude
780 2940 881 3001 debita
899 2940 1062 3001 defraudet

150 3148 256 3200 Gellius
270 3149 312 3201 liei
329 3149 402 3201 I'r'nc.
419 3165 468 3201 oon
484 3149 625 3202 Beaurer's
639 3146 738 3201 Philol.
755 3146 788 3200 Ll
815 3150 894 3216 1892)
908 3165 935 3216 p.
952 3152 1013 3215 181),
1027 3146 1063 3201 Εἰ

148 3234 234 3271 unum
249 3218 323 3272 idem
335 3220 378 3272 Za
386 3220 529 3273 &oschera
541 3219 800 3287 Gcocliclotequellen
836 3233 903 3272 eues
912 3218 1015 3271 Archiv
1025 3216 1065 3272 XI

149 3296 196 3355 633
215 3290 258 3343 vd.
274 3293 303 3344 et
317 3289 416 3343 Philol.
431 3289 544 3343 XLVIII
558 3296 617 3343 564.
651 3288 757 3343 Novam
772 3288 856 3343 Gellii
871 3305 1072 3345 commemora

148 3360 177 3413 in
196 3360 318 3429 epistula
336 3359 440 3414 saeculi
460 3360 496 3413 IX
517 3360 663 3484 indagavit
680 3359 848 3428 Duemmler,
866 3360 959 3414 Neues
978 3360 1066 3415 Archi

148 3436 238 3499 (1887)
258 3438 318 3484 355.
356 3430 469 3485 Glossas
493 3432 580 3486 allai
603 3431 758 3485 erscheidic
777 3432 857 3499 (Mus.
878 3432 965 3485 Rhsn.
986 3430 1052 3485 XVI

149 3502 241 3556 editas
258 3502 361 3571 magis,
382 3519 466 3571 quam
485 3520 502 3558 a
520 3502 633 3557 Hortalo
652 3502 760 3557 lactum
778 3506 832 3569 eet,
853 3504 888 3556 ed
907 3505 1003 3571 partes
1022 3520 1072 3555 vri

220 3578 245 3633 ll
265 3574 318 3627 Gir.
334 3573 418 3627 Hertz
437 3574 524 3643 prael.
541 3574 627 3628 XXIX
648 3579 677 3629 et
694 3575 706 3628 l
720 3593 748 3644 p.
764 3580 805 3627 83.

219 3652 245 3713 ’1)
265 3645 296 3698 ln
314 3644 394 3699 libris
408 3646 420 3698 I
435 3645 459 3697 V
474 3645 524 3700 XV
543 3650 640 3700 auctor
659 3647 719 3700 siue
737 3646 802 3699 luco
820 3648 850 3699 ot
867 3644 984 3699 fallacie
1002 3662 1068 3699 nom

147 3715 177 3768 in
206 3734 227 3770 c.
252 3717 264 3769 I
289 3725 316 3779 1;
345 3723 374 3781 23
402 3724 431 3775 l:
461 3723 489 3783 63
514 3723 542 3783 83
568 3722 613 3784 10,
639 3724 685 3785 12;
711 3724 818 3785 13,1o;
845 3724 890 3781 143
913 3722 961 3784 20;
985 3723 1033 3781 213
1062 3729 1072 3759 ἰ

147 3786 172 3839 V
193 3793 221 3851 ’ῖς
241 3794 270 3854 83
295 3793 319 3855 9,
341 3794 422 3853 1-43
448 3788 1047 3857 14317318320XV1;2;5;637,3;

149 3864 195 3923 123
217 3865 262 3925 173
283 3866 329 3925 193
348 3865 466 3925 28-273
483 3866 531 3927 293
546 3866 593 3921 80,
612 3861 740 3928 apparet.
759 3860 807 3913 sed
827 3860 1034 3927 quodammodo
1048 3877 1067 3915 a

150 3929 1055 3999 I3;15324;26Ve;11;13;19321XV4,coletur15;I;
