2144 4328
510 116 520 167 l
540 123 573 167 ‘23
1008 127 1048 183 uf)

489 278 598 341 XXIII

10 403 53 457 uis
72 404 177 457 inerit
195 401 345 470 Papirius
361 399 570 465 praetextatum
590 416 662 468 quae
676 400 758 455 istius
773 418 858 455 causa
873 406 1050 473 cognomenti

21 474 88 599 2⁸1¹th
88 473 314 598 dlqistoriaque
337 471 394 524 ieta
412 471 503 525 omnis
523 487 607 540 super
624 472 723 526 eodem
741 472 855 542 Papirio
874 476 989 543 cognitu
1009 477 1051 528 iu-

64 671 238 736 Historia
259 670 301 733 de
320 668 452 752 Papirio
471 667 677 733 Praetextato
696 669 781 735 diota
800 671 983 754 scriptaque
1002 677 1050 737 est

10 759 88 828 iu.
108 759 274 824 Catone
299 760 339 823 in
362 758 551 838 oratione,
574 778 636 840 qua
658 779 736 822 usus
760 764 809 823 est
836 759 880 822 ad
904 760 1050 824 milites

10 854 152 916 eontra
189 846 359 912 Galbam
386 845 566 929 (XXXIX
586 846 648 929 J),
680 867 753 910 eum
785 848 888 912 multa
920 849 1049 930 quidem

15 941 193 1002 renustate
228 940 330 1018 atque
361 933 433 999 luoe
462 939 558 1018 atque
587 934 744 999 munditia
772 935 950 999 verborum.
1002 935 1049 998 Ea

22 1024 183 1090 Catonis
214 1024 317 1088 verba
344 1023 420 1087 huic
447 1045 578 1107 prorsus
601 1024 832 1088 commentario
855 1023 1051 1105 indidissem,

10 1116 55 1181 ssi
78 1115 157 1179 libri
188 1113 288 1196 copia
314 1111 429 1176 fuisset
455 1112 488 1174 id
515 1112 684 1195 temporis,
716 1132 788 1175 oum
816 1112 896 1175 haeo
924 1112 1050 1175 dietari.

35 1200 119 1277 Quod
142 1202 171 1267 si
195 1222 266 1265 non
289 1202 425 1264 virtutes
448 1200 683 1285 dignitatesque
705 1198 886 1281 verborum,
909 1199 964 1264 sed
982 1222 1049 1263 rem

40 1291 131 1373 ipsam
159 1290 245 1355 seue
274 1290 415 1372 quaeris,
441 1311 492 1353 res
519 1289 619 1352 ferme
646 1288 687 1352 ad
714 1287 801 1352 huno
829 1288 960 1352 modum
989 1294 1050 1351 est:

44 1374 104 1443 loe
120 1385 217 1444 antea
235 1377 439 1443 senatoribus
454 1376 577 1441 Romae
594 1377 657 1441 fult
675 1378 710 1440 iu
729 1378 850 1441 curiam
870 1397 942 1440 eum
963 1398 1050 1459 prae·

50 1467 161 1533 tentatis
184 1467 263 1531 filiis
287 1467 428 1530 introire.
469 1464 562 1548 Tum,
585 1486 658 1529 oum
682 1467 717 1529 in
739 1469 852 1531 senatu
874 1488 925 1530 res
948 1465 1051 1529 maior

56 1558 201 1640 quaepiam
231 1555 414 1619 consultata
442 1575 542 1637 eaque
569 1555 603 1618 in
629 1555 712 1618 diem
735 1559 900 1637 posterum
924 1556 1051 1638 prolata

58 1646 101 1725 ut,
123 1646 258 1729 placuit,
285 1647 324 1708 ut
346 1665 415 1707 eam
438 1665 521 1725 rem,
545 1664 642 1727 super
664 1664 728 1726 qua
750 1644 987 1723 tractavissent,
1010 1665 1050 1706 ne

60 1732 112 1813 quin
125 1734 316 1813 enuntiaret,
333 1733 520 1816 priusquam
539 1731 667 1796 decreta
685 1736 776 1795 esset.
812 1730 916 1795 Mater
929 1731 1050 1813 Papirii

62 1822 135 1903 pred,
155 1823 210 1905 qui
234 1842 310 1886 eum
334 1825 466 1904 parente
488 1842 547 1885 suo
568 1820 603 1884 in
621 1820 709 1883 ouria
726 1820 841 1902 fuerat,
863 1825 1051 1903 percontata

63 1910 95 1971 st
115 1910 227 1992 lilium,
255 1909 409 1993 quidnam
437 1910 472 1973 in
499 1914 611 1973 senatu
639 1913 746 1991 patres
772 1910 920 1991 egissent.
967 1907 1051 1971 Puer

63 2000 198 2080 repondit
225 1997 398 2063 teoendum
427 2019 494 2062 esse
517 2019 620 2080 neque
644 1997 677 2060 id
700 1997 763 2061 diei
785 1998 889 2061 liuere.
935 1996 1052 2060 Mulier

64 2080 248 2151 fitaudiendi
276 2087 436 2169 eupidi013
464 2091 621 2150 secretum
648 2086 693 2149 rei
717 2091 750 2149 et
773 2087 935 2150 silentium
962 2086 1051 2167 pueri

65 2173 176 2240 mimum
200 2177 268 2240 eius
291 2175 580 2257 adinquirendum
605 2174 782 2238 everberat:
806 2174 932 2255 quaerit
953 2173 1052 2256 igitur

65 2265 248 2346 oompressius
275 2264 521 2346 violentiusque.
571 2262 653 2326 Tum
682 2285 762 2345 puer
789 2266 890 2325 matre
918 2266 1051 2344 urgente

64 2344 137 2446 lepidi
161 2358 256 2436 atque
283 2353 393 2416 festivi
417 2352 573 2415 mendacii
597 2352 767 2415 consilium
791 2351 886 2432 capis.
933 2348 1049 2412 Actum

41 2452 88 2499 su
100 2446 200 2504 senatu
218 2442 310 2520 dixit,
328 2445 436 2504 utrum
456 2441 617 2505 rideretur
635 2441 747 2503 utilius
767 2459 869 2520 exque
888 2439 1051 2520 republica

64 2544 124 2608 esse,
143 2552 264 2594 unusne
287 2532 326 2592 ut
348 2529 426 2593 duas
448 2551 564 2592 uxores
587 2528 734 2608 haberet,
757 2550 798 2590 an
821 2532 858 2590 ut
881 2549 943 2590 una
966 2528 1050 2610 apud

64 2610 123 2679 duos
142 2623 241 2700 nupta
264 2622 355 2682 esset.
401 2615 473 2680 Hoc
495 2618 552 2681 illa
575 2617 630 2681 ubi
655 2617 790 2697 aurlivIt,
817 2616 942 2679 animus
967 2637 1049 2679 oom-

65 2706 189 2785 prresoit,
206 2707 303 2769 domo
322 2705 484 2788 trepidans
503 2706 674 2790 egreditur,
693 2705 733 2768 ad
752 2709 871 2769 ceteras
889 2711 1050 2768 matronas

66 2791 166 2868 perfert.
211 2792 310 2857 Venit
336 2794 376 2857 ad
404 2799 549 2858 senatum
573 2794 727 2876 postridie
751 2795 1050 2857 matrumfamilias

120 2971 212 3035 13sqq.
228 2966 313 3020 Maor.
327 2967 340 3020 I
355 2973 379 3034 6,
395 2973 427 3021 19
438 2985 497 3037 sqq.
512 2966 620 3035 (Polyb.
635 2966 673 3020 111
687 2973 729 3033 20,
745 2969 772 3037 3)

66 3062 213 3078 Ικ...
216 3072 250 3078 ..-

118 3127 592 3198 tuetustatel’·110tempelt¹j{13
607 3127 783 3185 curiatollll
802 3126 928 3193 Tumque
943 3125 1054 3191 inGnl

66 3194 250 3274 ltlplscuitque
265 3198 343 3269 §1518
361 3200 442 3267 patre
456 3203 479 3250 B
488 3200 497 3269 {l
507 3205 540 3252 21
556 3197 700 3252 silentium
715 3198 811 3251 deberi
825 3213 895 3267 puer
909 3196 1053 3249 affirmans

10 3242 15 3329 l
64 3271 266 3340 minuuntque
284 3269 727 3338 exeqreprmagisqueerep.
745 3270 835 3324 Maor.
850 3272 907 3336 1127
928 3264 1055 3331 animoli

10 3350 14 3411 ζ
63 3332 202 3407 Nucem
220 3340 333 3409 perfert.
366 3339 453 3395 Venit
471 3341 555 3395 Klots
572 3340 703 3409 peruenit
721 3359 742 3392 ω
761 3339 895 3408 pervenit.
926 3337 950 3388 it
970 3337 1053 3389 Mors.

61 3408 182 3465 nouom
199 3411 291 3466 desert
308 3411 385 3480 quod
403 3411 540 3465 audierat.
573 3410 741 3479 perueniunt
760 3412 777 3481 β
793 3408 887 3463 adfert
904 3404 1058 3480 postridie-

60 3492 103 3544 que
119 3481 151 3535 ed
168 3500 189 3535 s.
207 3483 340 3553 copiosae
357 3501 394 3537 m.
414 3481 432 3535 f.
452 3484 579 3536 ceterum
597 3480 741 3536 eoulluunt
761 3483 856 3541 Moer.
