2144 4328
21 506 64 571 82
495 504 509 559 1
526 508 562 559 22
923 39 938 543 Ι

21 674 145 754 partem
163 668 351 753 ‘superesse’
366 668 413 733 ita
426 668 585 749 dixeram,
601 671 693 731 uteo
707 664 811 731 verbo
823 654 938 751 signi!

22 758 217 841 superfluere
235 762 268 822 et
286 777 495 841 supervacare
512 760 610 839 atque
628 776 699 821 esse
712 776 815 839 supra
826 746 938 825 ueced

0 848 161 912 modum.
208 843 321 929 Itaque
344 844 388 910 M.
404 844 526 910 Varro
549 844 589 909 iu
610 848 758 925 satura,
779 864 865 927 qnae
885 838 938 931 irq'j

22 942 71 1001 est
100 936 225 1001 nescis
253 935 345 1018 quid
372 956 507 1018 vesper
533 932 662 1015 vebat,
691 932 938 1017 superfuisset

1 1025 193 1089 immodice
220 1028 254 1088 et
279 1024 505 1108 intempestive
531 1022 640 1087 foisse.
684 1019 796 1085 Verba
822 1042 863 1085 ex
887 1038 938 1085 eos¹

22 1114 101 1177 haec
124 1119 200 1178 sunt
217 1114 273 1193 (fr.
287 1112 435 1195 340B.):
457 1109 501 1175 In
522 1110 702 1176 convivio
725 1109 807 1194 legi
827 1128 895 1174 uec
910 1126 938 1177 οι

22 1202 161 1266 debent
184 1206 221 1265 et
243 1224 285 1265 ea
308 1201 566 1284 potissimum,
588 1220 684 1283 quae
707 1196 825 1264 simul
847 1198 938 1269 siut.¹

22 1295 119 1373 φελῆ
140 1295 178 1354 et
196 1289 405 1371 delectent,
427 1290 557 1373 potius
576 1293 618 1353 ut
635 1288 672 1352 id
692 1308 846 1371 quoque
862 1284 938 1351 ride

22 1400 96 1441 nou
120 1378 288 1443 defuisse
312 1399 421 1461 quam
445 1377 692 1462 superfuisse.

2 1512 7 1529 .
88 1466 222 1531 Memini
245 1489 306 1552 ego
330 1468 501 1551 praetoris,
523 1466 610 1530 docti
632 1464 785 1549 bominis,
809 1458 938 1529 tribunal

21 1557 105 1620 forte
128 1556 276 1621 assistere
299 1560 398 1639 atque
419 1556 466 1620 ibi
485 1555 677 1621 advocatum
695 1575 763 1619 nou
779 1551 938 1618 incelebrs

22 1645 200 1728 postulare,
226 1650 264 1709 ut
286 1650 377 1709 extra
399 1666 528 1709 causam
551 1644 671 1708 diceret
691 1663 841 1726 remque,
862 1660 938 1725 quas

22 1734 130 1815 batur,
162 1754 227 1796 non
256 1734 437 1818 attingeret.
487 1731 578 1796 Tunc
605 1735 786 1815 praetorem
815 1731 860 1813 ei,
889 1728 938 1794 cui

22 1828 104 1903 erat,
131 1822 250 1886 dixisse
276 1823 467 1887 advocatum
495 1842 568 1886 eum
595 1842 662 1885 uon
688 1820 823 1901 habere,
849 1823 882 1884 et
904 1838 938 1883 cu

23 1913 78 1992 qui
103 1912 199 1974 verba
222 1910 374 1993 faciebat,
396 1911 612 1975 reclamasset:
636 1910 710 1995 ‘ego
738 1909 787 1973 illi
811 1906 852 1971 V.
875 1904 938 1971 (lt

23 2000 117 2080 sum',
131 2000 331 2082 respondisse
346 2004 526 2082 praetorem
540 1999 710 2063 festiviter:
727 1997 776 2062 ‘tu
790 1996 887 2080 plane
899 2016 938 2079 su]

22 2108 88 2151 non
111 2089 206 2151 ades'.

90 2175 131 2239 M.
155 2181 263 2240 autem
288 2176 420 2240 Cicero
444 2176 481 2239 in
504 2175 620 2258 libre,
647 2175 702 2257 qui
726 2174 938 2258 inscriptuse

23 2267 104 2329 iure
133 2265 240 2329 civili
272 2266 308 2327 in
336 2270 454 2329 artem
482 2264 691 2348 redigendo
719 2264 817 2345 (ΙΝ
834 2266 938 2344 ΜΒ(

23 2354 104 2417 IH.
123 2359 150 2416 et
168 2353 254 2435 Ba),
282 2354 378 2416 verba
405 2353 485 2418 haec
512 2352 634 2436 posuit:
661 2374 729 2417 nec
757 2373 848 2415 vero
876 2350 938 2416 sci«

23 2443 119 2506 iuris
153 2442 361 2506 maioribus
395 2443 473 2507 suis
503 2440 538 2517 Q.
562 2440 695 2504 Aelius
724 2440 875 2503 Tubero
902 2440 938 2503 de

23 2531 199 2594 doctrina
223 2531 336 2593 etiam
361 2530 562 2613 superfuit.
604 2527 641 2592 ln
665 2550 729 2611 quo
752 2527 826 2593 loco
846 2550 937 2612 supe

23 2619 205 2703 significare
228 2620 355 2682 videtur
376 2620 484 2703 ‘supra
502 2619 565 2682 fuit
583 2624 616 2682 et
633 2618 795 2700 praestitit
813 2639 938 2701 superas

23 2708 159 2772 maiores
183 2730 257 2772 suos
281 2708 427 2771 doctrina
449 2730 508 2772 sua
531 2707 740 2790 superfluenti
762 2711 873 2770 tamen
893 2712 926 2770 et

23 2797 225 2861 abundanti':
244 2795 428 2880 disciplinas
448 2797 532 2861 enim
553 2795 701 2860 Tubero
720 2796 838 2859 stoicas
857 2795 938 2859 diale

1 2888 241 2968 :percalluerat
280 2884 322 2949 In
340 2885 442 2948 libro
457 2906 586 2968 quoque
601 2886 644 2948 de
657 2883 859 2967 republica
874 2905 934 2948 sec

24 2974 161 3057 (11121,
170 2977 229 3057 32)
247 2976 280 3038 id
299 2976 405 3058 ipsum
424 2975 557 3039 verbum
573 2972 706 3039 Cicero
725 2974 818 3056 ponit
836 2994 904 3036 nou
920 2977 938 3036 t

24 3063 262 3126 transeundum.
318 3062 425 3127 Verba
462 3085 500 3126 ex
533 3085 571 3126 eo
604 3062 687 3126 libro
719 3062 799 3126 haec
830 3067 920 3126 sunt:

25 3171 218 3234 gravarer,
250 3151 370 3233 Laeli,
401 3152 476 3216 nisi
509 3156 546 3215 et
577 3151 646 3216 hos
675 3149 774 3215 velle
801 3156 938 3233 putare

25 3238 107 3319 ipse
131 3258 304 3320 cuperem
329 3246 365 3304 te
390 3262 540 3323 quoque
565 3238 731 3322 aliquam
756 3245 903 3322 partem
926 3238 938 3302 l

24 3326 149 3389 nostri
173 3330 359 3393 sermonis
378 3330 585 3413 attingere,
609 3328 837 3411 praesertim
856 3349 938 3392 cum

97 3523 112 3570 8
131 3520 160 3570 et
178 3518 275 3587 pocius
288 3523 311 3569 V
325 3524 364 3587 119
383 3520 459 3586 quod
474 3522 537 3586 (sic)
552 3518 722 3589 superfuisse
736 3521 754 3590 β
768 3536 819 3574 our.
835 3540 856 3573 a
873 3537 931 3575 uon

24 3590 71 3641 tur
93 3589 184 3657 magis
206 3588 328 3642 defuisse
346 3608 429 3657 quom
450 3592 620 3660 superfuisse
638 3591 715 3646 codd.
732 3592 878 3646 Carrionis
896 3604 938 3661 po*

24 3676 48 3713 o.
64 3664 161 3728 &post
179 3660 301 3713 defuisse
320 3668 453 3728 tro-›aepoa
475 3663 556 3733 Vopcl
569 3665 578 3730 ll
594 3668 625 3715 13
650 3661 695 3715 cui
714 3666 805 3729 91120
825 3679 938 3732 compos

25 3736 58 3783 al
74 3729 119 3802 Q.]
130 3748 146 3789 ς
157 3748 211 3798 quo
225 3748 244 3784 s.
257 3731 318 3798 dn
335 3736 368 3783 25
383 3735 411 3784 et
426 3732 492 3785 dial.
504 3740 643 3802 epraeter
652 3738 674 3785 Δ
683 3734 693 3799 ιΊ
703 3738 736 3785 26
751 3732 787 3785 de
800 3734 872 3804 rep]
883 3734 935 3793 ςΡ

24 3801 55 3855 in
65 3803 230 3856 -secundo
249 3819 299 3856 ora.
315 3808 338 3854 Δ
351 3806 360 3867 ΙΙ
375 3807 407 3854 27
429 3802 482 3856 Cic.
498 3805 591 3875 ponit]
606 3809 628 3856 Δ
642 3803 784 3858 Ciceronis
798 3824 819 3857 ω
833 3807 844 3873 ΙΙ
858 3810 893 3859 29
912 3804 938 3860 la

25 3874 55 3927 et
69 3874 153 3941 priua
170 3890 220 3928 om.
237 3877 259 3924 Δ
