2392 4298
18 1298 30 1308 .
429 1229 471 1302 Α.
501 1229 664 1303 GELLII

15 1308 35 1330 ⁸
98 1374 309 1462 seusun
341 1234 637 1464 andrunnun
669 1376 984 1464 palasano>

102 1698 143 1726 ω
157 1671 345 1735 iucundiora
364 1671 427 1734 alia
444 1671 577 1755 reperiri
596 1675 727 1756 queunt,
746 1673 786 1736 ad
803 1672 866 1737 boc
879 1677 916 1737 ut
929 1673 1041 1737 liberis
1055 1695 1069 1741 1

57 1775 150 1841 quoqne
163 1761 243 1824 meis
255 1762 367 1844 partae
377 1760 557 1825 istiusmodi
566 1761 771 1825 remissiones
782 1765 896 1844 essent,
912 1763 1041 1846 quando

56 1846 147 1911 uinus
160 1871 272 1913 eorum
286 1849 502 1913 interstitione
516 1850 624 1934 aliqua
637 1851 843 1935 negotiorum
855 1851 930 1915 data
939 1853 1041 1915 laxari

55 1932 244 2022 indulgerique
262 1938 430 2022 potuisset.
470 1935 530 2003 Vei
548 1943 655 2002 antem
675 1961 786 2003 sumus
806 1941 916 2004 ordine
935 1964 1071 2008 rerume

37 2021 169 2107 slonuito,
197 2050 294 2110 quem
323 2031 417 2090 antea
444 2027 478 2090 in
501 2029 700 2111 excerpendo
723 2029 909 2092 feceramus.
956 2029 1041 2092 Nam

54 2116 154 2193 proinde
188 2120 224 2180 nt
255 2116 377 2180 librum
409 2138 569 2200 quemque
600 2117 635 2180 in
666 2139 781 2180 manus
810 2139 955 2201 ceperam
985 2142 1041 2182 seu

53 2197 178 2268 Graecum
217 2227 274 2268 sen
308 2203 457 2269 Latinum
495 2207 547 2269 vel
584 2206 661 2289 quid
697 2212 876 2272 memoratu
909 2209 1043 2292 dignum

53 2293 193 2374 audieram,
217 2295 263 2356 ita
286 2316 368 2378 quae
391 2295 520 2358 libitum
543 2299 619 2375 erat,
643 2296 734 2359 cuius
758 2296 883 2381 generis
903 2319 1044 2380 cumque
1101 2314 1104 2321 ’

52 2387 124 2461 erant,
141 2383 327 2448 indistincte
346 2387 442 2466 atque
460 2384 619 2467 promisce
638 2385 832 2448 annotabam
847 2408 947 2469 eaque
962 2386 1044 2448 mihi

26 2467 78 2530 nd
91 2472 260 2535 subsidium
275 2473 448 2536 memoriae
464 2474 554 2556 quasi
570 2474 730 2557 quoddam
746 2475 925 2539 litterarum
940 2498 1044 2558 penus

53 2560 244 2641 recondebam,
263 2565 309 2643 nt,
328 2563 454 2646 quando
475 2584 552 2625 usus
571 2562 711 2626 venisset
729 2568 786 2627 aut
804 2565 850 2626 rei
868 2569 925 2627 aut
943 2564 1042 2644 verbi,

54 2646 119 2711 cuius
144 2672 194 2712 me
221 2672 337 2733 repens
364 2651 448 2714 forte
477 2650 597 2714 oblivio
626 2653 795 2733 tenuisset,
829 2657 861 2716 et
888 2653 975 2735 libri,
1005 2675 1044 2717 ex

55 2735 143 2814 quibus
165 2761 202 2802 ea
226 2761 438 2822 sumpseram,
462 2761 528 2803 non
551 2741 710 2822 adessent,
733 2741 828 2805 facile
853 2742 926 2805 inde
949 2742 1044 2805 nobis

56 2822 158 2889 intentu
181 2833 278 2911 atque
301 2828 493 2912 depromptu
516 2830 607 2893 foret.

34 2924 50 2965 ¹
101 2912 189 2979 Facta
212 2917 313 3001 igitur
335 2922 384 2982 est
404 2919 438 2981 in
456 2917 507 2981 his
527 2940 655 3001 quoque
675 2920 913 2982 commentariis
933 2920 1072 2985 eadema

58 3018 136 3067 nrum
169 3005 377 3089 disparilitas,
415 3028 496 3091 quae
527 3008 590 3071 fuit
622 3008 656 3071 in
688 3008 752 3071 illis
781 3009 1043 3072 annotationibus

60 3090 184 3175 pristinis,
212 3116 291 3178 quas
319 3093 460 3159 breviter
484 3100 516 3159 et
539 3095 696 3180 indigeste
720 3102 753 3160 et
775 3098 938 3161 incondite
962 3099 1046 3178 <ex>

61 3181 260 3246 auditionibus
276 3183 532 3269 lectionibusque
547 3187 642 3249 variis
652 3186 838 3250 feceramus.
873 3184 935 3250 Sed
945 3206 1073 3269 quon-4

62 3263 104 3330 ion
125 3271 305 3357 longinquis
332 3295 390 3356 per
417 3272 556 3337 hiemem
584 3273 734 3338 noctibus
763 3277 796 3338 in
825 3296 916 3360 agro,
950 3277 1047 3339 sicuti
1083 3302 1085 3306 ⁴

40 3350 118 3437 *lixi
144 3365 241 3425 terrae
274 3360 402 3425 Atticae
436 3364 721 3427 commentationes
749 3365 845 3428 hasce
874 3365 982 3428 ludere
1013 3385 1049 3426 ao

10 3466 14 3473 ·
63 3440 138 3511 lasere
155 3452 257 3514 exorsi
278 3473 398 3532 sumus,
421 3451 539 3515 idcirco
560 3473 612 3515 eas
632 3453 853 3535 inscripsimus
873 3456 1046 3517 noctium

115 3627 186 3693 tsqq.
201 3626 286 3681 llacr.
301 3625 314 3678 Ι
332 3627 420 3696 praef.
437 3632 504 3694 2sq.
597 3632 628 3680 18
639 3645 699 3695 sqq.
715 3627 785 3680 Plin.
802 3628 889 3696 praef.
906 3634 940 3680 23
951 3645 1011 3694 sqq.

68 3688 90 3737 ²1
102 3688 193 3749 osan
211 3704 272 3762 355,
293 3702 326 3752 19
347 3699 413 3751 ‘nox
432 3698 519 3752 etiam
539 3715 556 3751 a
574 3701 656 3752 nocte
675 3699 808 3763 noctium,
827 3699 902 3752 unde
920 3699 1048 3767 Agellius

69 3760 159 3818 ¹letiam
176 3769 326 3823 atticarum
345 3769 499 3839 inscripsit’

121 3926 257 3994 tantas
275 3934 299 3982 B
312 3933 323 3999 ll
338 3935 370 3983 l'l
390 3946 425 3984 ex
443 3930 508 3984 cdd.
525 3929 573 3984 Gr.
589 3933 597 3999 ΙΙ
613 3936 646 3984 18
666 3930 860 3984 auditionibus
881 3931 929 3984 Gr.

106 4017 166 4065 limi
175 4036 201 4068 vs
213 4029 248 4070 sd
262 4029 374 4069 Hostus
868 4028 897 4077 ·1
