2144 4328
469 540 519 594 17
960 551 1002 615 57

45 701 133 769 ldem
153 708 267 769 autem
286 704 343 768 ille
360 704 483 769 amicus
496 709 607 769 noster
618 707 654 769 in
668 706 810 771 eiusdem
823 707 865 773 Μ.
881 709 1001 777 Tullii
1013 732 1046 778 is

16 872 22 879 Ι
48 794 172 876 tione,
185 815 272 878 quae
286 798 337 857 est
350 794 394 857 de
407 795 572 876 imperio
587 793 648 859 (ln
662 793 819 880 Pompei
834 796 933 884 (XII
935 801 1002 888 33),

10 882 211 967 hauiptum
242 904 313 946 esse
339 905 359 946 a
382 880 567 948 Cicerone
594 883 721 949 dicebat
743 890 841 968 atque
863 888 933 971 ipse
956 891 1001 954 ita

10 968 159 1051 ffilsbat:
184 970 280 1036 Cum
303 976 453 1036 vestros
478 975 611 1055 portus
635 977 749 1054 atque
770 995 834 1038 eos
852 980 1001 1061 portus,

21 1058 120 1135 J’lrus
139 1062 261 1125 vitam
280 1082 324 1125 ac
341 1061 522 1143 spiritum
542 1062 697 1144 ducitis,
716 1063 755 1125 in
768 1064 998 1145 praedonum

35 1148 102 1214 'sse
122 1153 361 1233 potestatem
384 1151 534 1232 sciatis,
556 1171 661 1233 nequa
683 1151 908 1215 soloecismum
931 1171 1044 1219 essert

14 1314 22 1323 ι
118 1239 167 1302 ‘iu
198 1242 393 1322 potestatem
425 1238 547 1320 fuisse',
578 1243 614 1302 ut
643 1240 760 1323 vulgus
788 1241 998 1305 semidoctum

17 1326 22 1333 '
80 1326 169 1408 ,sed
191 1327 319 1391 ratione
342 1327 463 1392 dictum
488 1332 574 1392 certa
596 1332 629 1392 et
651 1328 755 1410 proba
776 1328 1000 1412 contendebat,

83 1420 116 1481 et
147 1414 264 1480 Graeci
296 1417 342 1481 ita
373 1421 540 1481 uterentur
571 1420 604 1481 et
635 1415 796 1480 Plautus
828 1417 998 1481 verborum

10 1504 172 1657 'h'torum
200 1505 460 1590 elegantissimus
487 1506 526 1568 in
552 1503 834 1589 Amphitruone
861 1504 902 1587 (v.
922 1508 999 1587 180)

143 1695 230 1755 num
255 1713 345 1755 vero
368 1692 461 1754 mihi
485 1693 522 1754 in
545 1690 707 1756 mente‘m
730 1691 821 1773 fuit,

10 1800 69 1869 n,
86 1794 123 1852 ut
145 1788 209 1854 dici
233 1789 366 1853 solitum
390 1794 452 1872 est,
475 1788 521 1853 'iu
544 1788 670 1853 mente'.

56 1872 115 1940 Sed
138 1879 224 1941 enim
248 1883 376 1961 praeter
393 1876 585 1960 Plautum,
608 1878 698 1942 cuius
721 1878 777 1940 ille
798 1877 832 1941 iu
850 1892 1043 1960 praesenslss

10 1967 134 2049 mpla
161 1988 239 2029 usus
267 1972 330 2048 est,
362 1968 494 2031 multam
523 1988 582 2030 nos
610 1987 739 2048 quoqne
766 1965 851 2048 apud
878 1970 999 2031 veteres

10 2055 158 2137 ruptores
181 2057 381 2120 locutionum
405 2058 516 2120 talium
541 2057 667 2138 copiam
691 2054 882 2118 offendimus
902 2059 998 2137 atque

10 2144 44 2206 ris
67 2146 164 2230 vulgo
192 2144 428 2209 adnotamentis
455 2146 670 2227 inspersimus.
717 2141 762 2207 Vt
788 2148 820 2207 et
843 2145 998 2208 rationem
1011 2160 1043 2207 19

10 2239 95 2297 intem
115 2236 210 2298 istam
231 2234 359 2298 missam
378 2233 477 2297 facias
497 2238 528 2297 et
546 2235 763 2315 auctoritates,
782 2254 878 2296 sonus
892 2238 1000 2297 tamen

10 2327 29 2386 t
48 2326 190 2406 positura
214 2324 283 2405 ipsa
306 2323 474 2387 verborum
499 2324 575 2386 satis
597 2322 737 2386 declarat
755 2321 787 2384 id
807 2323 914 2405 potius
934 2322 1000 2385 ἐπι»

10 2415 101 2495 sela‘c
117 2422 185 2475 τῶν
199 2411 319 2488 λέξεων
332 2413 641 2493 modulamentisque
656 2411 810 2475 orationis
823 2410 866 2474 M.
881 2410 999 2474 Tullii

10 2502 192 2581 sevenisse,
219 2505 269 2581 ut,
296 2501 446 2582 quoniam
473 2501 631 2564 utrumvis
659 2499 721 2563 dici
745 2499 859 2563 Latine
885 2505 1002 2583 posset,

10 2594 224 2652 sotestatem
245 2589 348 2653 dicere
365 2591 484 2670 mallet,
502 2611 567 2652 non
586 2588 777 2671 ‘potestate'.
816 2587 899 2652 Illud
917 2591 1001 2652 enim
1011 2605 1047 2651 20

10 2677 40 2740 ic
59 2679 277 2760 compositum
297 2678 464 2742 iucundius
482 2677 522 2740 ad
541 2700 649 2741 aurem
671 2679 934 2760 completiusque,
957 2679 1002 2740 in-

10 2768 121 2830 uarius
144 2767 209 2830 hoc
231 2766 498 2850 inperfectiusque
522 2772 579 2850 est,
602 2769 628 2830 si
652 2765 748 2830 modo
773 2767 818 2830 ita
839 2768 1003 2849 explorata

10 2877 68 2919 lure
88 2854 191 2919 homo
210 2856 262 2936 sit,
283 2877 348 2919 non
367 2857 460 2920 surda
478 2879 538 2921 nec
555 2857 685 2937 iacenti;
709 2856 804 2919 sicuti
823 2860 871 2918 est
889 2854 1004 2934 hercle,

10 2944 79 3026 'uod
101 2945 317 3028 explicavit
336 2945 440 3009 dicere
458 2946 571 3009 maluit
590 2966 685 3027 quam
707 2942 895 3026 ‘explicuit’,
918 2942 1005 3024 quod

10 3052 63 3096 me
83 3034 149 3096 iam
173 3034 323 3096 usitatius
346 3038 500 3117 coeperat.

60 3119 169 3185 Verba
202 3126 276 3185 sunt
307 3121 386 3186 haec
416 3124 517 3205 ipsius
545 3145 588 3186 ex
616 3121 805 3201 oratione,
836 3141 931 3202 quam
961 3119 1004 3184 de

12 3211 155 3293 mpcrio
185 3208 244 3273 Cn.
269 3207 424 3293 Pompei
455 3211 569 3275 habuit
596 3209 673 3292 (XI
686 3212 755 3291 30):
788 3208 914 3274 Testis
947 3214 1005 3272 est

10 3298 144 3380 licilia,
162 3320 272 3381 qnam
293 3301 423 3363 multis
442 3300 610 3381 undique
626 3300 790 3363 cinctam
805 3298 1006 3380 periculis,

66 3516 99 3564 12
114 3508 387 3579 Non.1vp.asa,eo
460 3516 494 3564 ac
510 3508 718 3575 dalmatam
734 3508 840 3578 vuar,
852 3508 909 3572 ιτς)
920 3510 1007 3569 cous

64 3713 81 3762 8
110 3707 249 3761 rationem
277 3706 354 3761 dictu
378 3729 400 3761 ω
428 3724 495 3762 corr.
516 3709 604 3774 sll12
631 3721 705 3758 nunc
728 3719 795 3756 uero
818 3701 895 3757 codd.
915 3701 1009 3754 Placet.

10 3795 109 3833 mureto
132 3781 151 3862 β
179 3778 329 3851 Noalmi
356 3779 512 3833 llcdccreca
526 3782 536 3846 11
550 3782 583 3831 19
612 3775 776 3844 depositura
799 3770 937 3851 Wssfli
967 3770 1009 3833 ω1

10 3851 236 3920 amplectrusque
255 3870 278 3903 ω
291 3853 301 3919 [Ι
314 3855 349 3903 24
373 3849 640 3919 inperpe(c)tiusque
663 3867 684 3900 ω
699 3848 709 3914 ll
723 3849 756 3897 28
780 3861 813 3896 ex
837 3840 976 3910 oratione]
996 3838 1013 3906 β

10 3922 191 3976 stortatione
204 3928 252 3974 Π
271 3921 452 3976 exornatione
465 3925 488 3972 B
