<?xml version="1.0" encoding="UTF-8"?>
<!DOCTYPE html PUBLIC "-//W3C//DTD XHTML 1.0 Transitional//EN"
    "http://www.w3.org/TR/xhtml1/DTD/xhtml1-transitional.dtd">
<html xmlns="http://www.w3.org/1999/xhtml" xml:lang="en" lang="en">
 <head>
  <title>
</title>
<meta http-equiv="Content-Type" content="text/html;charset=utf-8" />
  <meta name='ocr-system' content='tesseract 3.04.00' />
  <meta name='ocr-capabilities' content='ocr_page ocr_carea ocr_par ocr_line ocrx_word'/>
</head>
<body>
  <div class='ocr_page' id='page_1' title='image "agelliinoctivma01gellgoog_0117.png"; bbox 0 0 2144 4328; ppageno 0'>
   <div class='ocr_carea' id='block_1_1' title="bbox 262 39 938 527">
    <p class='ocr_par' dir='ltr' id='par_1_1' title="bbox 262 39 938 561">
     <span class='ocr_line' id='line_1_1' title="bbox 262 39 938 527; baseline 0 14"><span class='ocrx_word' id='word_1_1' title='bbox 262 39 938 527; x_wconf 52' lang='grc' dir='ltr'><strong>Π</strong></span> 
     </span>
    </p>
   </div>
   <div class='ocr_carea' id='block_1_2' title="bbox 24 524 555 592">
    <p class='ocr_par' dir='ltr' id='par_1_2' title="bbox 24 524 555 592">
     <span class='ocr_line' id='line_1_2' title="bbox 24 524 555 592; baseline 0.002 -1"><span class='ocrx_word' id='word_1_2' title='bbox 24 528 69 592; x_wconf 79' lang='lat'><strong>46</strong></span> <span class='ocrx_word' id='word_1_3' title='bbox 506 524 555 581; x_wconf 76' lang='grc' dir='ltr'>Η</span> 
     </span>
    </p>
   </div>
   <div class='ocr_carea' id='block_1_3' title="bbox 25 678 938 775">
    <p class='ocr_par' dir='ltr' id='par_1_3' title="bbox 25 678 938 775">
     <span class='ocr_line' id='line_1_3' title="bbox 25 678 938 775; baseline 0 -20"><span class='ocrx_word' id='word_1_4' title='bbox 25 694 108 756; x_wconf 82' lang='lat' dir='ltr'><strong>eine</strong></span> <span class='ocrx_word' id='word_1_5' title='bbox 135 691 215 755; x_wconf 82' lang='lat' dir='ltr'><strong>ulls</strong></span> <span class='ocrx_word' id='word_1_6' title='bbox 242 691 471 775; x_wconf 75' lang='lat' dir='ltr'><strong>exceptione</strong></span> <span class='ocrx_word' id='word_1_7' title='bbox 493 690 762 773; x_wconf 79' lang='lat' dir='ltr'><strong>communitos,</strong></span> <span class='ocrx_word' id='word_1_8' title='bbox 789 696 832 755; x_wconf 90' lang='lat' dir='ltr'><strong>ut</strong></span> <span class='ocrx_word' id='word_1_9' title='bbox 855 678 938 765; x_wconf 76' lang='lat' dir='ltr'><strong>etisi</strong></span> 
     </span>
    </p>
   </div>
   <div class='ocr_carea' id='block_1_4' title="bbox 0 779 938 3429">
    <p class='ocr_par' dir='ltr' id='par_1_4' title="bbox 23 779 938 1219">
     <span class='ocr_line' id='line_1_4' title="bbox 25 779 938 863; baseline 0 -20"><span class='ocrx_word' id='word_1_10' title='bbox 25 803 97 863; x_wconf 83' lang='lat' dir='ltr'><strong>qus</strong></span> <span class='ocrx_word' id='word_1_11' title='bbox 126 781 282 844; x_wconf 85' lang='lat' dir='ltr'><strong>fortuna</strong></span> <span class='ocrx_word' id='word_1_12' title='bbox 309 779 508 861; x_wconf 80' lang='lat' dir='ltr'><strong>occiderit,</strong></span> <span class='ocrx_word' id='word_1_13' title='bbox 534 782 577 841; x_wconf 91' lang='lat' dir='ltr'><strong>ut</strong></span> <span class='ocrx_word' id='word_1_14' title='bbox 603 779 728 843; x_wconf 90' lang='lat' dir='ltr'><strong>minus</strong></span> <span class='ocrx_word' id='word_1_15' title='bbox 756 780 938 859; x_wconf 61' lang='lat' dir='ltr'><strong>iustnesss</strong></span> 
     </span>
     <span class='ocr_line' id='line_1_5' title="bbox 24 866 938 953; baseline -0.002 -20"><span class='ocrx_word' id='word_1_16' title='bbox 24 876 125 934; x_wconf 81' lang='lat' dir='ltr'><strong>tates</strong></span> <span class='ocrx_word' id='word_1_17' title='bbox 166 870 371 934; x_wconf 79' lang='lat' dir='ltr'><strong>amicorum</strong></span> <span class='ocrx_word' id='word_1_18' title='bbox 412 866 649 931; x_wconf 74' lang='lat' dir='ltr'><strong>adiuvandae</strong></span> <span class='ocrx_word' id='word_1_19' title='bbox 689 868 784 950; x_wconf 87' lang='lat' dir='ltr'><strong>sint,</strong></span> <span class='ocrx_word' id='word_1_20' title='bbox 823 867 865 931; x_wconf 90' lang='lat' dir='ltr'><strong>iu</strong></span> <span class='ocrx_word' id='word_1_21' title='bbox 900 868 938 953; x_wconf 67' lang='lat' dir='ltr'><strong>qi</strong></span> 
     </span>
     <span class='ocr_line' id='line_1_6' title="bbox 24 954 938 1042; baseline -0.001 -20"><span class='ocrx_word' id='word_1_22' title='bbox 24 980 151 1022; x_wconf 89' lang='lat' dir='ltr'><strong>eorum</strong></span> <span class='ocrx_word' id='word_1_23' title='bbox 176 962 242 1022; x_wconf 85' lang='lat' dir='ltr'><strong>out</strong></span> <span class='ocrx_word' id='word_1_24' title='bbox 264 962 380 1041; x_wconf 85' lang='lat' dir='ltr'><strong>oaput</strong></span> <span class='ocrx_word' id='word_1_25' title='bbox 399 961 535 1042; x_wconf 77' lang='lat' dir='ltr'><strong>agetur</strong></span> <span class='ocrx_word' id='word_1_26' title='bbox 551 960 618 1021; x_wconf 85' lang='lat' dir='ltr'><strong>aut</strong></span> <span class='ocrx_word' id='word_1_27' title='bbox 634 954 747 1038; x_wconf 79' lang='lat' dir='ltr'><strong>fumo,</strong></span> <span class='ocrx_word' id='word_1_28' title='bbox 771 956 938 1027; x_wconf 72' lang='lat' dir='ltr'><strong>declinet</strong></span> 
     </span>
     <span class='ocr_line' id='line_1_7' title="bbox 24 1045 938 1129; baseline 0.001 -19"><span class='ocrx_word' id='word_1_29' title='bbox 24 1049 67 1112; x_wconf 86' lang='lat' dir='ltr'><strong>de</strong></span> <span class='ocrx_word' id='word_1_30' title='bbox 90 1049 151 1110; x_wconf 81' lang='lat' dir='ltr'><strong>ria</strong></span> <span class='ocrx_word' id='word_1_31' title='bbox 174 1048 238 1127; x_wconf 86' lang='lat' dir='ltr'><strong>sit,</strong></span> <span class='ocrx_word' id='word_1_32' title='bbox 260 1046 370 1109; x_wconf 89' lang='lat' dir='ltr'><strong>modo</strong></span> <span class='ocrx_word' id='word_1_33' title='bbox 393 1068 438 1110; x_wconf 90' lang='lat' dir='ltr'><strong>ue</strong></span> <span class='ocrx_word' id='word_1_34' title='bbox 461 1065 602 1109; x_wconf 84' lang='lat' dir='ltr'><strong>summe</strong></span> <span class='ocrx_word' id='word_1_35' title='bbox 619 1045 825 1127; x_wconf 81' lang='lat' dir='ltr'><strong>turpitudo</strong></span> <span class='ocrx_word' id='word_1_36' title='bbox 844 1046 938 1129; x_wconf 72' lang='lat' dir='ltr'><strong>sequi</strong></span> 
     </span>
     <span class='ocr_line' id='line_1_8' title="bbox 23 1132 938 1219; baseline -0.003 -19"><span class='ocrx_word' id='word_1_37' title='bbox 23 1142 81 1200; x_wconf 80' lang='lat' dir='ltr'><strong>eet</strong></span> <span class='ocrx_word' id='word_1_38' title='bbox 104 1137 216 1207; x_wconf 84' lang='lat' dir='ltr'><strong>enim,</strong></span> <span class='ocrx_word' id='word_1_39' title='bbox 240 1138 429 1217; x_wconf 80' lang='lat' dir='ltr'><strong>quotenus</strong></span> <span class='ocrx_word' id='word_1_40' title='bbox 451 1134 645 1198; x_wconf 76' lang='lat' dir='ltr'><strong>amicitiae</strong></span> <span class='ocrx_word' id='word_1_41' title='bbox 667 1134 779 1198; x_wconf 79' lang='lat' dir='ltr'><strong>venio</strong></span> <span class='ocrx_word' id='word_1_42' title='bbox 802 1132 885 1197; x_wconf 79' lang='lat' dir='ltr'><strong>dori</strong></span> <span class='ocrx_word' id='word_1_43' title='bbox 904 1150 938 1219; x_wconf 73' lang='lat' dir='ltr'><strong>ps</strong></span> 
     </span>
    </p>

    <p class='ocr_par' dir='ltr' id='par_1_5' title="bbox 23 1220 938 1395">
     <span class='ocr_line' id='line_1_9' title="bbox 90 1220 918 1309; baseline -0.002 -21"><span class='ocrx_word' id='word_1_44' title='bbox 90 1223 183 1289; x_wconf 75' lang='lat' dir='ltr'><strong>‘Cum</strong></span> <span class='ocrx_word' id='word_1_45' title='bbox 216 1222 341 1309; x_wconf 55' lang='lat' dir='ltr'><strong>agetur)</strong></span> <span class='ocrx_word' id='word_1_46' title='bbox 375 1224 481 1305; x_wconf 90' lang='lat' dir='ltr'><strong>inquit</strong></span> <span class='ocrx_word' id='word_1_47' title='bbox 512 1220 581 1286; x_wconf 77' lang='lat' dir='ltr'><strong>‘sut</strong></span> <span class='ocrx_word' id='word_1_48' title='bbox 611 1226 709 1305; x_wconf 78' lang='lat' dir='ltr'><strong>eaput</strong></span> <span class='ocrx_word' id='word_1_49' title='bbox 737 1222 833 1285; x_wconf 82' lang='lat' dir='ltr'><strong>smioi</strong></span> <span class='ocrx_word' id='word_1_50' title='bbox 861 1226 918 1287; x_wconf 84' lang='lat' dir='ltr'><strong>sut</strong></span> 
     </span>
     <span class='ocr_line' id='line_1_10' title="bbox 23 1310 938 1395; baseline 0 -20"><span class='ocrx_word' id='word_1_51' title='bbox 23 1313 247 1377; x_wconf 81' lang='lat' dir='ltr'><strong>deelinandum</strong></span> <span class='ocrx_word' id='word_1_52' title='bbox 270 1316 320 1377; x_wconf 88' lang='lat' dir='ltr'><strong>est</strong></span> <span class='ocrx_word' id='word_1_53' title='bbox 342 1312 381 1376; x_wconf 92' lang='lat' dir='ltr'><strong>de</strong></span> <span class='ocrx_word' id='word_1_54' title='bbox 403 1312 468 1395; x_wconf 81' lang='lat' dir='ltr'><strong>vie,</strong></span> <span class='ocrx_word' id='word_1_55' title='bbox 492 1316 529 1374; x_wconf 91' lang='lat' dir='ltr'><strong>ut</strong></span> <span class='ocrx_word' id='word_1_56' title='bbox 551 1310 648 1375; x_wconf 80' lang='lat' dir='ltr'><strong>etiem</strong></span> <span class='ocrx_word' id='word_1_57' title='bbox 671 1310 815 1392; x_wconf 80' lang='lat' dir='ltr'><strong>iniquum</strong></span> <span class='ocrx_word' id='word_1_58' title='bbox 838 1310 938 1375; x_wconf 81' lang='lat' dir='ltr'><strong>volun</strong></span> 
     </span>
    </p>

    <p class='ocr_par' dir='ltr' id='par_1_6' title="bbox 0 1398 938 1465">
     <span class='ocr_line' id='line_1_11' title="bbox 0 1398 938 1465; baseline 0.004 -4"><span class='ocrx_word' id='word_1_59' title='bbox 0 1403 109 1464; x_wconf 85' lang='lat' dir='ltr'><strong>iliius</strong></span> <span class='ocrx_word' id='word_1_60' title='bbox 137 1399 339 1465; x_wconf 67' lang='lat' dir='ltr'><strong>adimemus?</strong></span> <span class='ocrx_word' id='word_1_61' title='bbox 385 1398 449 1465; x_wconf 86' lang='lat' dir='ltr'><strong>Sed</strong></span> <span class='ocrx_word' id='word_1_62' title='bbox 475 1398 654 1464; x_wconf 82' lang='lat' dir='ltr'><strong>cuiusmodi</strong></span> <span class='ocrx_word' id='word_1_63' title='bbox 681 1398 854 1463; x_wconf 69' lang='lat' dir='ltr'><strong>declinatio</strong></span> <span class='ocrx_word' id='word_1_64' title='bbox 880 1418 938 1465; x_wconf 66' lang='lat' dir='ltr'><strong>eu</strong></span> 
     </span>
    </p>

    <p class='ocr_par' dir='ltr' id='par_1_7' title="bbox 0 1487 938 2882">
     <span class='ocr_line' id='line_1_12' title="bbox 23 1487 938 1573; baseline -0.003 -19"><span class='ocrx_word' id='word_1_65' title='bbox 23 1490 136 1554; x_wconf 80' lang='lat' dir='ltr'><strong>debeat</strong></span> <span class='ocrx_word' id='word_1_66' title='bbox 160 1491 328 1571; x_wconf 81' lang='lat' dir='ltr'><strong>qualisque</strong></span> <span class='ocrx_word' id='word_1_67' title='bbox 349 1488 388 1553; x_wconf 86' lang='lat' dir='ltr'><strong>ad</strong></span> <span class='ocrx_word' id='word_1_68' title='bbox 407 1487 620 1553; x_wconf 85' lang='lat' dir='ltr'><strong>sdiuvondum</strong></span> <span class='ocrx_word' id='word_1_69' title='bbox 640 1487 796 1573; x_wconf 72' lang='lat' dir='ltr'><strong>digressio</strong></span> <span class='ocrx_word' id='word_1_70' title='bbox 814 1490 848 1552; x_wconf 84' lang='lat' dir='ltr'><strong>et</strong></span> <span class='ocrx_word' id='word_1_71' title='bbox 864 1488 938 1572; x_wconf 82' lang='lat' dir='ltr'><strong>inq</strong></span> 
     </span>
     <span class='ocr_line' id='line_1_13' title="bbox 1 1574 938 1660; baseline 0.003 -22"><span class='ocrx_word' id='word_1_72' title='bbox 1 1580 198 1642; x_wconf 80' lang='lat' dir='ltr'><strong>voluntatis</strong></span> <span class='ocrx_word' id='word_1_73' title='bbox 229 1579 324 1641; x_wconf 85' lang='lat' dir='ltr'><strong>smiei</strong></span> <span class='ocrx_word' id='word_1_74' title='bbox 357 1577 539 1660; x_wconf 82' lang='lat' dir='ltr'><strong>iniquitute,</strong></span> <span class='ocrx_word' id='word_1_75' title='bbox 575 1596 642 1639; x_wconf 93' lang='lat' dir='ltr'><strong>nou</strong></span> <span class='ocrx_word' id='word_1_76' title='bbox 673 1575 758 1641; x_wconf 87' lang='lat' dir='ltr'><strong>dioit</strong></span> <span class='ocrx_word' id='word_1_77' title='bbox 813 1574 899 1652; x_wconf 83' lang='lat' dir='ltr'><strong>Quid</strong></span> <span class='ocrx_word' id='word_1_78' title='bbox 926 1596 938 1641; x_wconf 84' lang='lat' dir='ltr'><strong>s</strong></span> 
     </span>
     <span class='ocr_line' id='line_1_14' title="bbox 22 1664 938 1749; baseline 0 -18"><span class='ocrx_word' id='word_1_79' title='bbox 22 1668 119 1731; x_wconf 82' lang='lat' dir='ltr'><strong>refert</strong></span> <span class='ocrx_word' id='word_1_80' title='bbox 142 1669 223 1731; x_wconf 83' lang='lat' dir='ltr'><strong>seire</strong></span> <span class='ocrx_word' id='word_1_81' title='bbox 245 1688 297 1730; x_wconf 90' lang='lat' dir='ltr'><strong>me</strong></span> <span class='ocrx_word' id='word_1_82' title='bbox 320 1667 355 1729; x_wconf 91' lang='lat' dir='ltr'><strong>in</strong></span> <span class='ocrx_word' id='word_1_83' title='bbox 374 1664 531 1730; x_wconf 86' lang='lat' dir='ltr'><strong>eiusmodi</strong></span> <span class='ocrx_word' id='word_1_84' title='bbox 548 1665 699 1749; x_wconf 82' lang='lat' dir='ltr'><strong>perieulis</strong></span> <span class='ocrx_word' id='word_1_85' title='bbox 717 1665 903 1747; x_wconf 78' lang='lat' dir='ltr'><strong>amicorum,</strong></span> <span class='ocrx_word' id='word_1_86' title='bbox 923 1684 938 1731; x_wconf 86' lang='lat' dir='ltr'><strong>s</strong></span> 
     </span>
     <span class='ocr_line' id='line_1_15' title="bbox 21 1754 927 1840; baseline 0.001 -22"><span class='ocrx_word' id='word_1_87' title='bbox 21 1778 138 1839; x_wconf 81' lang='lat' dir='ltr'><strong>magus</strong></span> <span class='ocrx_word' id='word_1_88' title='bbox 163 1776 215 1819; x_wconf 87' lang='lat' dir='ltr'><strong>me</strong></span> <span class='ocrx_word' id='word_1_89' title='bbox 237 1755 406 1840; x_wconf 86' lang='lat' dir='ltr'><strong>turpitudo</strong></span> <span class='ocrx_word' id='word_1_90' title='bbox 429 1756 611 1819; x_wconf 83' lang='lat' dir='ltr'><strong>insecuturo</strong></span> <span class='ocrx_word' id='word_1_91' title='bbox 634 1758 695 1836; x_wconf 87' lang='lat' dir='ltr'><strong>est,</strong></span> <span class='ocrx_word' id='word_1_92' title='bbox 722 1754 762 1819; x_wconf 89' lang='lat' dir='ltr'><strong>de</strong></span> <span class='ocrx_word' id='word_1_93' title='bbox 784 1754 836 1818; x_wconf 79' lang='lat' dir='ltr'><strong>ria</strong></span> <span class='ocrx_word' id='word_1_94' title='bbox 858 1774 927 1819; x_wconf 83' lang='lat' dir='ltr'><strong>esse</strong></span> 
     </span>
     <span class='ocr_line' id='line_1_16' title="bbox 21 1842 920 1925; baseline -0.002 -18"><span class='ocrx_word' id='word_1_95' title='bbox 21 1845 258 1925; x_wconf 74' lang='lat' dir='ltr'><strong>declinandum,</strong></span> <span class='ocrx_word' id='word_1_96' title='bbox 281 1844 344 1907; x_wconf 90' lang='lat' dir='ltr'><strong>uisi</strong></span> <span class='ocrx_word' id='word_1_97' title='bbox 367 1844 400 1907; x_wconf 94' lang='lat' dir='ltr'><strong>id</strong></span> <span class='ocrx_word' id='word_1_98' title='bbox 423 1864 552 1925; x_wconf 88' lang='lat' dir='ltr'><strong>quoque</strong></span> <span class='ocrx_word' id='word_1_99' title='bbox 574 1863 626 1906; x_wconf 91' lang='lat' dir='ltr'><strong>me</strong></span> <span class='ocrx_word' id='word_1_100' title='bbox 649 1842 802 1923; x_wconf 82' lang='lat' dir='ltr'><strong>docuerit,</strong></span> <span class='ocrx_word' id='word_1_101' title='bbox 825 1862 920 1925; x_wconf 84' lang='lat' dir='ltr'><strong>quum</strong></span> 
     </span>
     <span class='ocr_line' id='line_1_17' title="bbox 20 1928 938 2017; baseline -0.001 -23"><span class='ocrx_word' id='word_1_102' title='bbox 20 1954 170 2017; x_wconf 80' lang='lat' dir='ltr'><strong>magnam</strong></span> <span class='ocrx_word' id='word_1_103' title='bbox 189 1932 432 2015; x_wconf 81' lang='lat' dir='ltr'><strong>turpitudinem,</strong></span> <span class='ocrx_word' id='word_1_104' title='bbox 454 1936 577 1995; x_wconf 80' lang='lat' dir='ltr'><strong>etcum</strong></span> <span class='ocrx_word' id='word_1_105' title='bbox 597 1931 760 1995; x_wconf 75' lang='lat' dir='ltr'><strong>decessero</strong></span> <span class='ocrx_word' id='word_1_106' title='bbox 779 1928 819 1994; x_wconf 89' lang='lat' dir='ltr'><strong>de</strong></span> <span class='ocrx_word' id='word_1_107' title='bbox 836 1931 897 2012; x_wconf 79' lang='lat' dir='ltr'><strong>viu,</strong></span> <span class='ocrx_word' id='word_1_108' title='bbox 918 1950 938 2013; x_wconf 86' lang='lat' dir='ltr'><strong>q</strong></span> 
     </span>
     <span class='ocr_line' id='line_1_18' title="bbox 21 2017 938 2106; baseline 0 -23"><span class='ocrx_word' id='word_1_109' title='bbox 21 2043 82 2102; x_wconf 86' lang='lat' dir='ltr'><strong>que</strong></span> <span class='ocrx_word' id='word_1_110' title='bbox 115 2021 245 2106; x_wconf 83' lang='lat' dir='ltr'><strong>degredi</strong></span> <span class='ocrx_word' id='word_1_111' title='bbox 278 2020 433 2084; x_wconf 82' lang='lat' dir='ltr'><strong>debeam?</strong></span> <span class='ocrx_word' id='word_1_112' title='bbox 489 2018 560 2083; x_wconf 85' lang='lat' dir='ltr'><strong>‘Est</strong></span> <span class='ocrx_word' id='word_1_113' title='bbox 592 2018 698 2102; x_wconf 86' lang='lat' dir='ltr'><strong>enim&#39;,</strong></span> <span class='ocrx_word' id='word_1_114' title='bbox 729 2020 836 2100; x_wconf 88' lang='lat' dir='ltr'><strong>inquit</strong></span> <span class='ocrx_word' id='word_1_115' title='bbox 866 2017 938 2100; x_wconf 71' lang='lat' dir='ltr'><strong>‘qua</strong></span> 
     </span>
     <span class='ocr_line' id='line_1_19' title="bbox 0 2106 938 2192; baseline 0.001 -24"><span class='ocrx_word' id='word_1_116' title='bbox 0 2109 88 2171; x_wconf 83' lang='lat' dir='ltr'><strong>.dsri</strong></span> <span class='ocrx_word' id='word_1_117' title='bbox 120 2110 280 2172; x_wconf 80' lang='lat' dir='ltr'><strong>amicitiae</strong></span> <span class='ocrx_word' id='word_1_118' title='bbox 312 2110 405 2172; x_wconf 86' lang='lat' dir='ltr'><strong>venia</strong></span> <span class='ocrx_word' id='word_1_119' title='bbox 438 2109 560 2192; x_wconf 60' lang='lat' dir='ltr'><strong>possit?</strong></span> <span class='ocrx_word' id='word_1_120' title='bbox 610 2106 682 2171; x_wconf 80' lang='lat' dir='ltr'><strong>Hoc</strong></span> <span class='ocrx_word' id='word_1_121' title='bbox 713 2109 813 2170; x_wconf 89' lang='lat' dir='ltr'><strong>immo</strong></span> <span class='ocrx_word' id='word_1_122' title='bbox 846 2108 938 2190; x_wconf 86' lang='lat' dir='ltr'><strong>ipsun</strong></span> 
     </span>
     <span class='ocr_line' id='line_1_20' title="bbox 20 2195 938 2279; baseline 0 -20"><span class='ocrx_word' id='word_1_123' title='bbox 20 2199 105 2279; x_wconf 86' lang='lat' dir='ltr'><strong>quod</strong></span> <span class='ocrx_word' id='word_1_124' title='bbox 130 2199 269 2261; x_wconf 82' lang='lat' dir='ltr'><strong>maxime</strong></span> <span class='ocrx_word' id='word_1_125' title='bbox 294 2198 477 2261; x_wconf 81' lang='lat' dir='ltr'><strong>discendum</strong></span> <span class='ocrx_word' id='word_1_126' title='bbox 503 2203 552 2261; x_wconf 89' lang='lat' dir='ltr'><strong>est</strong></span> <span class='ocrx_word' id='word_1_127' title='bbox 574 2197 724 2279; x_wconf 91' lang='lat' dir='ltr'><strong>quodque</strong></span> <span class='ocrx_word' id='word_1_128' title='bbox 746 2196 787 2259; x_wconf 83' lang='lat' dir='ltr'><strong>ab</strong></span> <span class='ocrx_word' id='word_1_129' title='bbox 812 2195 875 2275; x_wconf 80' lang='lat' dir='ltr'><strong>his,</strong></span> <span class='ocrx_word' id='word_1_130' title='bbox 903 2216 938 2277; x_wconf 91' lang='lat' dir='ltr'><strong>qu</strong></span> 
     </span>
     <span class='ocr_line' id='line_1_21' title="bbox 20 2284 935 2368; baseline -0.001 -20"><span class='ocrx_word' id='word_1_131' title='bbox 20 2292 107 2368; x_wconf 76' lang='lat' dir='ltr'><strong>cent,</strong></span> <span class='ocrx_word' id='word_1_132' title='bbox 135 2287 266 2349; x_wconf 88' lang='lat' dir='ltr'><strong>minime</strong></span> <span class='ocrx_word' id='word_1_133' title='bbox 295 2287 424 2359; x_wconf 84' lang='lat' dir='ltr'><strong>dieitur,</strong></span> <span class='ocrx_word' id='word_1_134' title='bbox 453 2292 610 2367; x_wconf 86' lang='lat' dir='ltr'><strong>quatenus</strong></span> <span class='ocrx_word' id='word_1_135' title='bbox 638 2304 764 2367; x_wconf 82' lang='lat' dir='ltr'><strong>qusque</strong></span> <span class='ocrx_word' id='word_1_136' title='bbox 786 2284 845 2348; x_wconf 84' lang='lat' dir='ltr'><strong>tini</strong></span> <span class='ocrx_word' id='word_1_137' title='bbox 869 2284 935 2348; x_wconf 79' lang='lat' dir='ltr'><strong>deri</strong></span> 
     </span>
     <span class='ocr_line' id='line_1_22' title="bbox 20 2372 938 2455; baseline -0.002 -18"><span class='ocrx_word' id='word_1_138' title='bbox 20 2376 113 2438; x_wconf 85' lang='lat' dir='ltr'><strong>eitiae</strong></span> <span class='ocrx_word' id='word_1_139' title='bbox 137 2377 230 2438; x_wconf 83' lang='lat' dir='ltr'><strong>venia</strong></span> <span class='ocrx_word' id='word_1_140' title='bbox 254 2375 375 2439; x_wconf 85' lang='lat' dir='ltr'><strong>debeat.</strong></span> <span class='ocrx_word' id='word_1_141' title='bbox 418 2373 529 2438; x_wconf 80' lang='lat' dir='ltr'><strong>Chilo</strong></span> <span class='ocrx_word' id='word_1_142' title='bbox 554 2375 608 2437; x_wconf 91' lang='lat' dir='ltr'><strong>ille</strong></span> <span class='ocrx_word' id='word_1_143' title='bbox 631 2373 766 2455; x_wconf 85' lang='lat' dir='ltr'><strong>sapiens,</strong></span> <span class='ocrx_word' id='word_1_144' title='bbox 790 2372 829 2436; x_wconf 84' lang='lat' dir='ltr'><strong>de.</strong></span> <span class='ocrx_word' id='word_1_145' title='bbox 853 2394 938 2454; x_wconf 72' lang='lat' dir='ltr'><strong>quo}</strong></span> 
     </span>
     <span class='ocr_line' id='line_1_23' title="bbox 19 2461 938 2543; baseline 0 -18"><span class='ocrx_word' id='word_1_146' title='bbox 19 2468 93 2526; x_wconf 86' lang='lat' dir='ltr'><strong>ante</strong></span> <span class='ocrx_word' id='word_1_147' title='bbox 122 2464 202 2543; x_wconf 83' lang='lat' dir='ltr'><strong>dixi,</strong></span> <span class='ocrx_word' id='word_1_148' title='bbox 230 2465 438 2527; x_wconf 76' lang='lat' dir='ltr'><strong>conservandi</strong></span> <span class='ocrx_word' id='word_1_149' title='bbox 467 2464 561 2527; x_wconf 83' lang='lat' dir='ltr'><strong>amici</strong></span> <span class='ocrx_word' id='word_1_150' title='bbox 589 2483 683 2525; x_wconf 85' lang='lat' dir='ltr'><strong>causo</strong></span> <span class='ocrx_word' id='word_1_151' title='bbox 712 2461 750 2524; x_wconf 91' lang='lat' dir='ltr'><strong>de</strong></span> <span class='ocrx_word' id='word_1_152' title='bbox 778 2462 831 2524; x_wconf 79' lang='lat' dir='ltr'><strong>vis</strong></span> <span class='ocrx_word' id='word_1_153' title='bbox 857 2462 938 2525; x_wconf 82' lang='lat' dir='ltr'><strong>decli</strong></span> 
     </span>
     <span class='ocr_line' id='line_1_24' title="bbox 19 2549 938 2636; baseline 0 -22"><span class='ocrx_word' id='word_1_154' title='bbox 19 2549 81 2615; x_wconf 88' lang='lat' dir='ltr'><strong>Sed</strong></span> <span class='ocrx_word' id='word_1_155' title='bbox 108 2553 214 2634; x_wconf 80' lang='lat' dir='ltr'><strong>video,</strong></span> <span class='ocrx_word' id='word_1_156' title='bbox 243 2574 410 2634; x_wconf 87' lang='lat' dir='ltr'><strong>quousque</strong></span> <span class='ocrx_word' id='word_1_157' title='bbox 434 2574 620 2636; x_wconf 75' lang='lat' dir='ltr'><strong>progressus</strong></span> <span class='ocrx_word' id='word_1_158' title='bbox 644 2552 699 2629; x_wconf 78' lang='lat' dir='ltr'><strong>sit3</strong></span> <span class='ocrx_word' id='word_1_159' title='bbox 726 2550 844 2613; x_wconf 69' lang='lat' dir='ltr'><strong>fulsum</strong></span> <span class='ocrx_word' id='word_1_160' title='bbox 868 2551 938 2614; x_wconf 88' lang='lat' dir='ltr'><strong>enin</strong></span> 
     </span>
     <span class='ocr_line' id='line_1_25' title="bbox 0 2638 938 2721; baseline -0.001 -18"><span class='ocrx_word' id='word_1_161' title='bbox 0 2642 113 2703; x_wconf 84' lang='lat' dir='ltr'><strong>amiei</strong></span> <span class='ocrx_word' id='word_1_162' title='bbox 138 2642 240 2704; x_wconf 84' lang='lat' dir='ltr'><strong>salute</strong></span> <span class='ocrx_word' id='word_1_163' title='bbox 264 2642 433 2704; x_wconf 91' lang='lat' dir='ltr'><strong>eonsilium</strong></span> <span class='ocrx_word' id='word_1_164' title='bbox 458 2640 552 2703; x_wconf 85' lang='lat' dir='ltr'><strong>dedit.</strong></span> <span class='ocrx_word' id='word_1_165' title='bbox 594 2638 629 2702; x_wconf 92' lang='lat' dir='ltr'><strong>Id</strong></span> <span class='ocrx_word' id='word_1_166' title='bbox 653 2641 758 2721; x_wconf 89' lang='lat' dir='ltr'><strong>ipsum</strong></span> <span class='ocrx_word' id='word_1_167' title='bbox 782 2642 893 2703; x_wconf 83' lang='lat' dir='ltr'><strong>temen</strong></span> <span class='ocrx_word' id='word_1_168' title='bbox 915 2639 938 2702; x_wconf 86' lang='lat' dir='ltr'><strong>ir</strong></span> 
     </span>
     <span class='ocr_line' id='line_1_26' title="bbox 19 2726 938 2811; baseline -0.001 -20"><span class='ocrx_word' id='word_1_169' title='bbox 19 2751 148 2811; x_wconf 89' lang='lat' dir='ltr'><strong>quoque</strong></span> <span class='ocrx_word' id='word_1_170' title='bbox 180 2731 278 2811; x_wconf 85' lang='lat' dir='ltr'><strong>vitae,</strong></span> <span class='ocrx_word' id='word_1_171' title='bbox 311 2751 352 2792; x_wconf 86' lang='lat' dir='ltr'><strong>an</strong></span> <span class='ocrx_word' id='word_1_172' title='bbox 384 2730 453 2791; x_wconf 91' lang='lat' dir='ltr'><strong>iure</strong></span> <span class='ocrx_word' id='word_1_173' title='bbox 485 2732 593 2811; x_wconf 86' lang='lat' dir='ltr'><strong>posset</strong></span> <span class='ocrx_word' id='word_1_174' title='bbox 623 2726 812 2810; x_wconf 88' lang='lat' dir='ltr'><strong>reprehendi</strong></span> <span class='ocrx_word' id='word_1_175' title='bbox 841 2726 938 2810; x_wconf 73' lang='lat' dir='ltr'><strong>culpe</strong></span> 
     </span>
     <span class='ocr_line' id='line_1_27' title="bbox 18 2818 185 2882; baseline 0 -2"><span class='ocrx_word' id='word_1_176' title='bbox 18 2818 185 2882; x_wconf 80' lang='lat' dir='ltr'><strong>dubitavit.</strong></span> 
     </span>
    </p>

    <p class='ocr_par' dir='ltr' id='par_1_8' title="bbox 16 2902 938 3429">
     <span class='ocr_line' id='line_1_28' title="bbox 85 2902 938 2990; baseline -0.004 -21"><span class='ocrx_word' id='word_1_177' title='bbox 85 2906 239 2971; x_wconf 73' lang='lat' dir='ltr'><strong>‘Contra</strong></span> <span class='ocrx_word' id='word_1_178' title='bbox 263 2904 438 2990; x_wconf 84' lang='lat' dir='ltr'><strong>patriom&#39;</strong></span> <span class='ocrx_word' id='word_1_179' title='bbox 462 2905 568 2987; x_wconf 88' lang='lat' dir='ltr'><strong>inquit</strong></span> <span class='ocrx_word' id='word_1_180' title='bbox 592 2902 724 2968; x_wconf 82' lang='lat' dir='ltr'><strong>Cicero</strong></span> <span class='ocrx_word' id='word_1_181' title='bbox 748 2902 821 2987; x_wconf 89' lang='lat' dir='ltr'><strong>(XI</strong></span> <span class='ocrx_word' id='word_1_182' title='bbox 840 2908 900 2986; x_wconf 87' lang='lat'><strong>36)</strong></span> <span class='ocrx_word' id='word_1_183' title='bbox 922 2904 938 2965; x_wconf 72' lang='lat' dir='ltr'><strong>‘a</strong></span> 
     </span>
     <span class='ocr_line' id='line_1_29' title="bbox 18 2990 923 3075; baseline 0 -20"><span class='ocrx_word' id='word_1_184' title='bbox 18 3014 85 3073; x_wconf 93' lang='lat' dir='ltr'><strong>pro</strong></span> <span class='ocrx_word' id='word_1_185' title='bbox 104 2996 226 3056; x_wconf 83' lang='lat' dir='ltr'><strong>amico</strong></span> <span class='ocrx_word' id='word_1_186' title='bbox 246 2994 426 3057; x_wconf 84' lang='lat' dir='ltr'><strong>sumenda</strong></span> <span class='ocrx_word' id='word_1_187' title='bbox 445 3014 519 3056; x_wconf 90' lang='lat' dir='ltr'><strong>non</strong></span> <span class='ocrx_word' id='word_1_188' title='bbox 538 2993 646 3056; x_wconf 82' lang='lat' dir='ltr'><strong>suut&#39;</strong></span> <span class='ocrx_word' id='word_1_189' title='bbox 685 2990 758 3055; x_wconf 81' lang='lat' dir='ltr'><strong>Hoc</strong></span> <span class='ocrx_word' id='word_1_190' title='bbox 775 2992 923 3075; x_wconf 84' lang='lat' dir='ltr'><strong>profecto</strong></span> 
     </span>
     <span class='ocr_line' id='line_1_30' title="bbox 18 3079 938 3167; baseline 0.004 -27"><span class='ocrx_word' id='word_1_191' title='bbox 18 3080 187 3162; x_wconf 76' lang='lat' dir='ltr'><strong>ignoravit,</strong></span> <span class='ocrx_word' id='word_1_192' title='bbox 210 3086 243 3143; x_wconf 88' lang='lat' dir='ltr'><strong>et</strong></span> <span class='ocrx_word' id='word_1_193' title='bbox 264 3083 497 3165; x_wconf 75' lang='lat' dir='ltr'><strong>‘priusquam</strong></span> <span class='ocrx_word' id='word_1_194' title='bbox 517 3080 731 3167; x_wconf 83' lang='lat' dir='ltr'><strong>Theognis’,</strong></span> <span class='ocrx_word' id='word_1_195' title='bbox 755 3081 843 3163; x_wconf 91' lang='lat' dir='ltr'><strong>quod</strong></span> <span class='ocrx_word' id='word_1_196' title='bbox 861 3079 938 3145; x_wconf 83' lang='lat' dir='ltr'><strong>Luc</strong></span> 
     </span>
     <span class='ocr_line' id='line_1_31' title="bbox 16 3166 938 3251; baseline 0.005 -23"><span class='ocrx_word' id='word_1_197' title='bbox 16 3168 71 3245; x_wconf 64' lang='lat' dir='ltr'><strong>(fr.</strong></span> <span class='ocrx_word' id='word_1_198' title='bbox 88 3168 145 3230; x_wconf 83' lang='lat' dir='ltr'><strong>irw.</strong></span> <span class='ocrx_word' id='word_1_199' title='bbox 159 3166 331 3234; x_wconf 81' lang='lat' dir='ltr'><strong><em>LXXXV</em></strong></span> <span class='ocrx_word' id='word_1_200' title='bbox 341 3171 389 3234; x_wconf 84' lang='lat' dir='ltr'><strong>M.</strong></span> <span class='ocrx_word' id='word_1_201' title='bbox 405 3175 468 3234; x_wconf 78' lang='lat'><strong>913</strong></span> <span class='ocrx_word' id='word_1_202' title='bbox 481 3169 536 3251; x_wconf 85' lang='lat' dir='ltr'><strong>B.)</strong></span> <span class='ocrx_word' id='word_1_203' title='bbox 555 3172 609 3251; x_wconf 84' lang='lat' dir='ltr'><strong>ait,</strong></span> <span class='ocrx_word' id='word_1_204' title='bbox 631 3169 886 3234; x_wconf 86' lang='lat' dir='ltr'><strong>‘nosceretur’.</strong></span> <span class='ocrx_word' id='word_1_205' title='bbox 929 3166 938 3233; x_wconf 72' lang='grc' dir='ltr'><strong>ξ</strong></span> 
     </span>
     <span class='ocr_line' id='line_1_32' title="bbox 17 3255 938 3340; baseline 0.007 -25"><span class='ocrx_word' id='word_1_206' title='bbox 17 3276 145 3335; x_wconf 83' lang='lat' dir='ltr'><strong>quaero,</strong></span> <span class='ocrx_word' id='word_1_207' title='bbox 168 3255 201 3317; x_wconf 93' lang='lat' dir='ltr'><strong>id</strong></span> <span class='ocrx_word' id='word_1_208' title='bbox 224 3256 381 3322; x_wconf 87' lang='lat' dir='ltr'><strong>desidero:</strong></span> <span class='ocrx_word' id='word_1_209' title='bbox 406 3280 477 3323; x_wconf 87' lang='lat' dir='ltr'><strong>eum</strong></span> <span class='ocrx_word' id='word_1_210' title='bbox 503 3280 561 3340; x_wconf 89' lang='lat' dir='ltr'><strong>pro</strong></span> <span class='ocrx_word' id='word_1_211' title='bbox 584 3260 687 3322; x_wconf 84' lang='lat' dir='ltr'><strong>amieo</strong></span> <span class='ocrx_word' id='word_1_212' title='bbox 711 3259 902 3339; x_wconf 73' lang='lat' dir='ltr'><strong>contraius,</strong></span> <span class='ocrx_word' id='word_1_213' title='bbox 925 3279 938 3321; x_wconf 83' lang='lat' dir='ltr'><strong>e</strong></span> 
     </span>
     <span class='ocr_line' id='line_1_33' title="bbox 16 3343 938 3429; baseline 0.005 -25"><span class='ocrx_word' id='word_1_214' title='bbox 16 3363 113 3423; x_wconf 84' lang='lat' dir='ltr'><strong>quam</strong></span> <span class='ocrx_word' id='word_1_215' title='bbox 134 3343 218 3422; x_wconf 85' lang='lat' dir='ltr'><strong>lieet,</strong></span> <span class='ocrx_word' id='word_1_216' title='bbox 242 3346 329 3407; x_wconf 84' lang='lat' dir='ltr'><strong>salvo</strong></span> <span class='ocrx_word' id='word_1_217' title='bbox 348 3352 456 3412; x_wconf 85' lang='lat' dir='ltr'><strong>tumen</strong></span> <span class='ocrx_word' id='word_1_218' title='bbox 474 3346 623 3410; x_wconf 75' lang='lat' dir='ltr'><strong>libertate</strong></span> <span class='ocrx_word' id='word_1_219' title='bbox 641 3353 737 3429; x_wconf 84' lang='lat' dir='ltr'><strong>atque</strong></span> <span class='ocrx_word' id='word_1_220' title='bbox 756 3367 834 3429; x_wconf 84' lang='lat' dir='ltr'><strong>poce</strong></span> <span class='ocrx_word' id='word_1_221' title='bbox 852 3347 938 3410; x_wconf 79' lang='lat' dir='ltr'><strong>faeie:</strong></span> 
     </span>
    </p>
   </div>
   <div class='ocr_carea' id='block_1_5' title="bbox 14 3456 166 3465">
    <p class='ocr_par' dir='ltr' id='par_1_9' title="bbox 14 3456 166 3465">
     <span class='ocr_line' id='line_1_34' title="bbox 14 3456 166 3465; baseline 0 0"><span class='ocrx_word' id='word_1_222' title='bbox 14 3456 166 3465; x_wconf 79' lang='lat'><em>——-...</em></span> 
     </span>
    </p>
   </div>
   <div class='ocr_carea' id='block_1_6' title="bbox 13 3514 938 3960">
    <p class='ocr_par' dir='ltr' id='par_1_10' title="bbox 88 3514 549 3589">
     <span class='ocr_line' id='line_1_35' title="bbox 88 3514 549 3589; baseline 0.013 -21"><span class='ocrx_word' id='word_1_223' title='bbox 88 3521 122 3568; x_wconf 74' lang='lat'><strong>28</strong></span> <span class='ocrx_word' id='word_1_224' title='bbox 142 3515 189 3568; x_wconf 79' lang='lat' dir='ltr'><strong>eir.</strong></span> <span class='ocrx_word' id='word_1_225' title='bbox 206 3514 282 3580; x_wconf 82' lang='lat' dir='ltr'><strong>Otto,</strong></span> <span class='ocrx_word' id='word_1_226' title='bbox 302 3516 435 3585; x_wconf 84' lang='lat' dir='ltr'><strong>Spriehw.</strong></span> <span class='ocrx_word' id='word_1_227' title='bbox 455 3539 482 3589; x_wconf 86' lang='lat' dir='ltr'><strong>p.</strong></span> <span class='ocrx_word' id='word_1_228' title='bbox 498 3526 549 3573; x_wconf 76' lang='grc'><strong>347</strong></span> 
     </span>
    </p>

    <p class='ocr_par' dir='ltr' id='par_1_11' title="bbox 13 3675 938 3960">
     <span class='ocr_line' id='line_1_36' title="bbox 87 3675 924 3750; baseline 0.006 -23"><span class='ocrx_word' id='word_1_229' title='bbox 87 3682 102 3727; x_wconf 89' lang='grc'>3</span> <span class='ocrx_word' id='word_1_230' title='bbox 122 3677 187 3727; x_wconf 87' lang='lat' dir='ltr'><strong>sunt</strong></span> <span class='ocrx_word' id='word_1_231' title='bbox 200 3675 306 3741; x_wconf 64' lang='lat' dir='ltr'><strong>rv¹134</strong></span> <span class='ocrx_word' id='word_1_232' title='bbox 326 3676 427 3745; x_wconf 79' lang='lat' dir='ltr'><strong>capitis</strong></span> <span class='ocrx_word' id='word_1_233' title='bbox 442 3694 527 3731; x_wconf 76' lang='lat' dir='ltr'><strong>eausa</strong></span> <span class='ocrx_word' id='word_1_234' title='bbox 541 3681 559 3750; x_wconf 79' lang='grc' dir='ltr'>β</span> <span class='ocrx_word' id='word_1_235' title='bbox 573 3680 608 3733; x_wconf 89' lang='lat' dir='ltr'><strong>de</strong></span> <span class='ocrx_word' id='word_1_236' title='bbox 623 3679 716 3748; x_wconf 84' lang='lat' dir='ltr'><strong>capite</strong></span> <span class='ocrx_word' id='word_1_237' title='bbox 730 3679 807 3734; x_wconf 80' lang='lat' dir='ltr'><strong>codd.</strong></span> <span class='ocrx_word' id='word_1_238' title='bbox 824 3679 878 3733; x_wconf 78' lang='lat' dir='ltr'><strong>Cic.</strong></span> <span class='ocrx_word' id='word_1_239' title='bbox 889 3680 924 3737; x_wconf 68' lang='lat' dir='ltr'><strong>iii</strong></span> 
     </span>
     <span class='ocr_line' id='line_1_37' title="bbox 21 3744 938 3821; baseline 0.002 -21"><span class='ocrx_word' id='word_1_240' title='bbox 21 3746 88 3800; x_wconf 77' lang='lat' dir='ltr'><strong>Veerr</strong></span> <span class='ocrx_word' id='word_1_241' title='bbox 103 3750 106 3807; x_wconf 71' lang='grc' dir='ltr'>ζ</span> <span class='ocrx_word' id='word_1_242' title='bbox 119 3744 221 3813; x_wconf 78' lang='lat' dir='ltr'><strong>eapitis</strong></span> <span class='ocrx_word' id='word_1_243' title='bbox 240 3745 325 3799; x_wconf 81' lang='lat' dir='ltr'><strong>amici</strong></span> <span class='ocrx_word' id='word_1_244' title='bbox 344 3762 429 3800; x_wconf 79' lang='lat' dir='ltr'><strong>causo</strong></span> <span class='ocrx_word' id='word_1_245' title='bbox 448 3752 550 3817; x_wconf 79' lang='lat' dir='ltr'><strong>agutur</strong></span> <span class='ocrx_word' id='word_1_246' title='bbox 568 3752 597 3803; x_wconf 88' lang='lat' dir='ltr'><strong>et</strong></span> <span class='ocrx_word' id='word_1_247' title='bbox 616 3752 708 3804; x_wconf 69' lang='lat' dir='ltr'><strong>tornae</strong></span> <span class='ocrx_word' id='word_1_248' title='bbox 727 3752 766 3821; x_wconf 75' lang='grc' dir='ltr'><strong>βὶἰ</strong></span> <span class='ocrx_word' id='word_1_249' title='bbox 782 3754 814 3803; x_wconf 83' lang='grc'><strong>18</strong></span> <span class='ocrx_word' id='word_1_250' title='bbox 834 3746 938 3805; x_wconf 83' lang='lat' dir='ltr'><strong>dieend</strong></span> 
     </span>
     <span class='ocr_line' id='line_1_38' title="bbox 14 3816 938 3891; baseline 0.004 -21"><span class='ocrx_word' id='word_1_251' title='bbox 14 3817 156 3887; x_wconf 69' lang='lat' dir='ltr'><strong>doeentjd</strong></span> <span class='ocrx_word' id='word_1_252' title='bbox 170 3816 291 3869; x_wconf 80' lang='lat' dir='ltr'><strong>doceant</strong></span> <span class='ocrx_word' id='word_1_253' title='bbox 300 3838 321 3869; x_wconf 94' lang='grc' dir='ltr'><strong>ω</strong></span> <span class='ocrx_word' id='word_1_254' title='bbox 331 3817 341 3869; x_wconf 76' lang='grc'><strong>1“</strong></span> <span class='ocrx_word' id='word_1_255' title='bbox 352 3823 384 3869; x_wconf 81' lang='lat' dir='ltr'><strong>lo</strong></span> <span class='ocrx_word' id='word_1_256' title='bbox 399 3834 510 3886; x_wconf 89' lang='lat' dir='ltr'><strong>quoque</strong></span> <span class='ocrx_word' id='word_1_257' title='bbox 524 3820 578 3875; x_wconf 86' lang='lat' dir='ltr'><strong>fine</strong></span> <span class='ocrx_word' id='word_1_258' title='bbox 588 3824 606 3891; x_wconf 73' lang='grc' dir='ltr'>β</span> <span class='ocrx_word' id='word_1_259' title='bbox 614 3830 617 3879; x_wconf 76' lang='grc' dir='ltr'>ῑ</span> <span class='ocrx_word' id='word_1_260' title='bbox 634 3827 667 3875; x_wconf 73' lang='lat'><strong>‘22</strong></span> <span class='ocrx_word' id='word_1_261' title='bbox 683 3821 731 3891; x_wconf 87' lang='lat' dir='ltr'><strong>sit]</strong></span> <span class='ocrx_word' id='word_1_262' title='bbox 742 3823 817 3874; x_wconf 70' lang='lat' dir='ltr'><strong>nest</strong></span> <span class='ocrx_word' id='word_1_263' title='bbox 826 3842 848 3875; x_wconf 86' lang='grc' dir='ltr'><strong>ω</strong></span> <span class='ocrx_word' id='word_1_264' title='bbox 858 3821 868 3891; x_wconf 71' lang='lat' dir='ltr'><strong>i.</strong></span> <span class='ocrx_word' id='word_1_265' title='bbox 877 3827 912 3876; x_wconf 76' lang='lat'><strong>28</strong></span> <span class='ocrx_word' id='word_1_266' title='bbox 922 3822 938 3891; x_wconf 64' lang='lat' dir='ltr'><strong>iq</strong></span> 
     </span>
     <span class='ocr_line' id='line_1_39' title="bbox 13 3887 936 3960; baseline 0.004 -19"><span class='ocrx_word' id='word_1_267' title='bbox 13 3887 38 3941; x_wconf 89' lang='lat' dir='ltr'><strong>it</strong></span> <span class='ocrx_word' id='word_1_268' title='bbox 56 3888 95 3951; x_wconf 86' lang='lat' dir='ltr'><strong>(id</strong></span> <span class='ocrx_word' id='word_1_269' title='bbox 114 3893 147 3957; x_wconf 79' lang='lat' dir='ltr'><strong>V)</strong></span> <span class='ocrx_word' id='word_1_270' title='bbox 167 3890 195 3939; x_wconf 90' lang='lat' dir='ltr'><strong>et</strong></span> <span class='ocrx_word' id='word_1_271' title='bbox 213 3892 288 3938; x_wconf 71' lang='grc' dir='ltr'><strong>ΗΠ</strong></span> <span class='ocrx_word' id='word_1_272' title='bbox 305 3890 309 3953; x_wconf 80' lang='grc' dir='ltr'>Ι</span> <span class='ocrx_word' id='word_1_273' title='bbox 326 3887 412 3957; x_wconf 87' lang='lat' dir='ltr'><strong>quod]</strong></span> <span class='ocrx_word' id='word_1_274' title='bbox 431 3894 454 3940; x_wconf 84' lang='grc' dir='ltr'><strong>Δ</strong></span> <span class='ocrx_word' id='word_1_275' title='bbox 473 3906 557 3956; x_wconf 68' lang='lat' dir='ltr'><strong>qutun</strong></span> <span class='ocrx_word' id='word_1_276' title='bbox 577 3912 598 3945; x_wconf 87' lang='grc' dir='ltr'><em>ω</em></span> <span class='ocrx_word' id='word_1_277' title='bbox 613 3895 622 3960; x_wconf 81' lang='grc' dir='ltr'><strong>ΙΙ</strong></span> <span class='ocrx_word' id='word_1_278' title='bbox 636 3897 670 3944; x_wconf 85' lang='grc'><strong>30</strong></span> <span class='ocrx_word' id='word_1_279' title='bbox 689 3892 733 3944; x_wconf 87' lang='lat' dir='ltr'><strong>ius</strong></span> <span class='ocrx_word' id='word_1_280' title='bbox 752 3896 781 3945; x_wconf 87' lang='lat' dir='ltr'><strong>et</strong></span> <span class='ocrx_word' id='word_1_281' title='bbox 800 3894 936 3946; x_wconf 72' lang='lat' dir='ltr'><strong>eontra?</strong></span> 
     </span>
    </p>
   </div>
   <div class='ocr_carea' id='block_1_7' title="bbox 0 0 1076 4328">
    <p class='ocr_par' dir='ltr' id='par_1_12' title="bbox 0 0 1076 4328">
     <span class='ocr_line' id='line_1_40' title="bbox 0 0 1076 4328; baseline 0 1"><span class='ocrx_word' id='word_1_282' title='bbox 0 0 1076 4328; x_wconf 95' lang='lat' dir='ltr'><strong> </strong></span> 
     </span>
    </p>
   </div>
  </div>
 </body>
</html>
