2392 4298
358 536 538 593 camum
556 539 623 596 LIB.
642 539 695 595 XV
992 543 1034 608 31

107 694 158 762 l'll
182 698 392 766 Observatum
415 724 485 767 esse
508 703 542 767 in
565 704 705 786 senibus,
728 704 816 787 quod
834 726 955 769 annum
973 708 1041 770 fere

56 788 144 850 suu
158 790 282 853 tertium
301 794 333 855 et
352 792 588 877 sexagesimum
608 797 707 879 agant
725 797 781 857 aut
799 792 964 858 laboribus
984 801 1041 858 aut

56 872 156 939 intutu
177 882 229 942 aut
252 879 343 944 clade
365 880 475 962 aliqua
498 882 702 967 insiguitum3
725 886 823 965 atque
844 881 925 946 inibi
943 905 1040 966 super

56 963 138 1029 aden
154 966 371 1032 observatione
390 969 574 1053 exemplum
594 971 775 1054 adpositum
797 971 954 1054 epistulae
973 973 1038 1035 divi

55 1050 162 1137 Augusti
182 1056 221 1120 ad
244 1053 360 1121 Gaium
384 1057 499 1122 filium.

104 1138 165 1206 llll
190 1143 295 1208 Locus
317 1166 356 1209 ex
375 1146 521 1211 oratione
539 1143 671 1229 Favoni,
694 1148 811 1212 veteris
831 1149 975 1231 oratoris,
1000 1149 1038 1212 de

57 1246 169 1295 marom
195 1237 292 1315 atque
319 1234 466 1299 luxuriae
495 1234 759 1318 obprobratione,
786 1257 851 1318 qna
877 1258 955 1300 usus
981 1242 1038 1319 est,

57 1320 217 1405 conlegam
242 1320 399 1386 Liciniam
423 1324 462 1387 de
486 1329 618 1408 sumptu
642 1325 816 1388 minuendo
840 1327 949 1389 suasit.

104 1404 139 1471 Ill
158 1408 246 1485 Quod
259 1407 417 1476 Caecilius
436 1417 533 1496 poeta
552 1412 716 1478 ‘frontem'
736 1423 852 1499 genere
870 1415 955 1477 virili
972 1437 1038 1477 non

57 1496 158 1581 poetice,
173 1499 225 1563 sed
243 1520 317 1564 oum
336 1499 529 1584 probatione
547 1505 580 1566 et
598 1522 671 1567 oum
691 1502 840 1587 analogia
853 1503 1038 1585 appellavit.

57 1580 133 1733 ΙίΙΧΙ
155 1584 198 1651 lle
228 1587 411 1653 voluntario
440 1594 472 1654 et
499 1590 687 1656 admirando
714 1591 847 1655 interitu
874 1591 1036 1676 virginum

101 1693 222 1741 marum.
908 1710 911 1725 =

107 1756 142 1825 ll
163 1762 264 1831 Verba
287 1768 559 1832 senatusconsulti
582 1768 621 1832 de
645 1768 811 1853 exigendis
835 1766 914 1831 urbe
933 1766 1037 1831 Roma

57 1842 233 1937 pllmopbis3
255 1856 334 1919 item
355 1855 454 1920 verba
471 1856 569 1920 edicti
587 1876 766 1940 censorum,
790 1877 854 1939 quo
873 1856 1036 1940 inprobati

57 1942 84 1996 et
101 1942 203 2006 coerciti
225 1948 315 2024 sunt,
342 1945 398 2026 qui
422 1944 626 2028 disciplinam
651 1944 846 2009 rhetoricam
869 1946 1037 2009 instituere

58 2030 218 2095 deiecere
240 2030 364 2096 Romae
387 2039 566 2116 coeperant.

108 2111 155 2179 ΧΠ
179 2118 280 2184 Locus
309 2142 347 2184 ex
377 2124 521 2186 oratione
545 2120 680 2186 Gracchi
709 2122 748 2186 de
776 2123 971 2205 parsimonia
999 2144 1036 2185 ac

58 2196 90 2261 de
107 2206 232 2283 pudicitia
256 2231 315 2273 sua
337 2212 633 2275 memoratissimus.

109 2288 167 2357 llll
200 2296 249 2362 De
285 2298 392 2363 verbis
428 2300 617 2383 inopinatis,
655 2321 737 2381 quae
769 2303 1034 2381 utroqueversum

57 2375 173 2446 dicuntur
190 2392 221 2449 ct
243 2409 262 2450 a
285 2390 504 2473 grammaticis
528 2387 736 2452 ‘communia'
760 2392 923 2452 vocantur.

108 2465 165 2533 lll'
193 2474 284 2551 Quod
312 2475 462 2538 Metellus
490 2474 683 2540 Numidicus
713 2477 850 2561 figuram
881 2478 1036 2540 orationis

55 2572 144 2621 man
163 2584 196 2625 er
218 2563 418 2627 orationibus
443 2560 572 2628 Graecis
595 2567 760 2628 mutuatus
784 2570 839 2628 est.

107 2642 153 2709 ll'
172 2648 285 2715 ‘Passis
305 2651 396 2716 velia’
416 2656 449 2717 et
468 2653 582 2736 ‘passis
601 2652 762 2717 manibus'
780 2654 898 2717 diuisae
912 2658 1035 2718 veteres

51 2750 104 2795 uon
118 2756 133 2797 a
148 2738 234 2803 verbo
253 2761 322 2822 suo,
346 2742 433 2824 quod
452 2747 502 2806 eat
520 2741 659 2826 ‘patior',
681 2743 735 2806 sed
754 2742 795 2806 ab
815 2742 929 2823 alieno,
948 2743 1034 2823 quod

50 2826 89 2882 αἱ
107 2821 225 2905 ‘pando’.
906 2856 908 2861 ·

100 2908 163 2977 XVI
183 2915 230 2981 lle
248 2939 334 2981 novo
355 2940 470 3003 genere
489 2920 637 2983 interitus
657 2916 876 2983 Crotoniensis
894 2916 1033 2982 Milonis.

10 2992 18 3035 ἶ
99 2997 176 3067 llll
198 3004 300 3081 Quam
324 3006 366 3070 ob
386 3028 513 3072 causam
533 3007 658 3071 nobiles
677 3007 769 3090 pueri
787 3006 1033 3071 Atheniensium

38 3086 119 3243 pblgg
129 3112 232 3159 cauere
247 3095 408 3177 desierint,
427 3116 500 3159 cum
515 3098 655 3179 patrium
670 3097 768 3159 istum
784 3117 905 3160 morem
921 3117 1034 3159 canen-

55 3178 65 3239 i
121 3179 231 3247 herent.

91 3266 191 3334 Xb'lll
226 3270 321 3348 Quod
357 3293 468 3357 pugna
501 3273 579 3336 belli
612 3272 715 3335 civilis
744 3273 941 3354 victoriaque
974 3270 1033 3335 Gai

31 3354 173 3442 sanans,
204 3382 302 3443 quam
335 3362 414 3424 vicit
445 3362 479 3424 in
511 3359 685 3424 Pharsaliis
719 3362 854 3444 campis,
886 3361 1033 3423 nuntiato

23 3448 237 3531 pnedictaque
252 3454 302 3513 cst
316 3470 374 3531 per
387 3449 566 3532 cuiuspiam
580 3450 712 3533 remigis
723 3450 909 3513 vaticinium
921 3449 1031 3511 eodem

22 3536 88 3619 ipso
110 3538 160 3600 die
182 3538 215 3600 in
238 3535 334 3601 Italia
356 3535 478 3601 Patavi.

80 3624 155 3689 xlx
184 3624 293 3691 Verba
312 3624 355 3691 M.
375 3623 531 3690 Varronis
554 3627 709 3692 memoria
733 3626 830 3711 digna
853 3648 892 3689 eu
917 3630 1035 3703 satura,

17 3736 93 3797 qnae
116 3715 304 3779 inscribitur
326 3714 403 3800 napi
428 3716 623 3799 ἐδεσμάτων.

76 3802 137 3869 XX
167 3802 293 3869 Notata
321 3805 479 3888 quaedam
507 3804 546 3868 de
573 3803 737 3887 Euripidis
765 3807 880 3886 poetae
909 3822 1035 3883 genere,

13 3893 82 3959 vita.
105 3893 269 3977 moribus3
291 3894 395 3976 deque
419 3893 561 3957 eiusdem
585 3893 764 3978 finessvitac.
