2144 4328
427 552 609 609 carl'l'vna
625 553 693 609 ΠΒ.
713 554 781 610 vm

91 894 240 973 barbara3
269 915 351 976 quae
378 894 456 958 item
484 917 504 959 a
532 895 742 961 melotidem
765 898 945 981 acceperIt,
971 918 992 983 q

92 982 197 1045 medio
235 983 463 1065 communique
498 1006 559 1047 usu
590 983 707 1049 Latine
742 984 951 1068 loquentium

91 1068 206 1134 Latina
229 1072 295 1135 sint
317 1092 422 1155 neque
444 1072 480 1135 in
501 1077 647 1138 veterum
669 1071 762 1138 libris
785 1076 1009 1159 reperiantur.³

157 1157 205 1222 llI
238 1158 339 1236 Quem
371 1161 406 1223 in
433 1161 565 1225 modum
592 1166 626 1226 et
653 1184 751 1247 quam
778 1184 891 1228 severe
918 1164 954 1229 in
1009 1154 1016 1165 ⁸

90 1248 294 1313 audientibus
315 1248 409 1312 nobis
427 1246 622 1335 Peregrinus
641 1249 858 1335 philosophus
876 1251 955 1317 adul

91 1334 273 1400 Romanum
306 1359 346 1401 ex
378 1339 519 1420 equestri
549 1338 672 1403 familia
700 1343 840 1405 stentem
867 1362 1007 1428 segnem·

90 1448 124 1489 se
147 1430 179 1489 et
201 1426 328 1490 assidue
352 1428 551 1492 oscitantem.

158 1512 204 1577 lV
228 1513 321 1591 Quod
340 1513 534 1598 Herodotus,
552 1516 693 1600 scriptor
710 1514 867 1582 historiae
885 1538 992 1583 memo

91 1626 172 1685 mus,
190 1625 304 1688 parum
319 1625 393 1668 rere
406 1604 523 1669 dixerit
535 1626 634 1669 unam
648 1604 816 1689 solamque
830 1606 947 1690 pinum
960 1628 997 1671 ar
1022 1676 1029 1695 2

92 1694 236 1757 omnium
264 1714 389 1757 caesam
415 1715 593 1777 numquam
621 1694 727 1758 denuo
749 1715 790 1758 ex
813 1694 930 1760 iisdem
952 1680 1034 1761 rutil

91 1781 263 1865 pullulare3
290 1786 324 1845 et
351 1781 437 1865 quod
463 1784 540 1847 item
564 1782 603 1846 de
625 1803 710 1865 aqua
732 1783 869 1866 pluviali
892 1787 927 1849 et
949 1785 1034 1849 nire¹

91 1872 257 1935 nonsatis
281 1869 480 1953 exploratam
505 1892 564 1954 pro
589 1876 753 1955 comperta
777 1872 933 1955 posuerit.

159 1958 189 2021 V
225 1959 308 2035 Quid
342 1958 422 2022 illud
455 1959 509 2041 sit,
542 1960 628 2043 quod
660 1958 825 2045 Vergilius
858 1959 985 2026 caelum
1014 1958 1034 2025 ‘t

92 2047 234 2132 pulvere’
260 2053 292 2112 et
315 2048 400 2130 quod
420 2045 563 2112 Lucilius
588 2049 712 2131 ‘pectus
736 2049 882 2113 sentibus
906 2048 1034 2114 stare'd

100 2134 204 2224 :Vl
238 2134 318 2201 Cum
346 2141 421 2219 post
449 2136 697 2201 offensiunculas
727 2138 761 2200 iu
789 2139 929 2223 gratiam
958 2139 1034 2204 redet

93 2225 368 2310 expostulationes
392 2225 462 2288 fieri
487 2230 614 2289 mutuas
638 2227 770 2290 minime
793 2225 874 2290 utile
896 2248 980 2310 esse,
1005 2248 1034 2291 su

94 2337 156 2398 que
179 2337 217 2379 ea
240 2337 274 2378 re
297 2322 330 2378 et
352 2336 457 2377 sermo
477 2312 574 2377 Tauri
597 2316 764 2397 expositus
785 2319 818 2379 et
835 2316 935 2381 verba
954 2338 993 2380 ex
1011 2313 1034 2380 'I

78 2401 218 2488 'phrasti
250 2403 334 2466 libro
365 2408 507 2486 sumpta;
540 2407 572 2466 et
601 2403 678 2486 quid
706 2402 748 2466 M.
777 2425 907 2487 quoque
936 2402 1034 2469 (licen

93 2514 201 2556 amoro
229 2492 388 2556 amicitiae
417 2493 564 2573 senserit,
593 2512 667 2555 cum
696 2492 797 2575 ipsius
825 2492 933 2557 verbis
961 2493 1034 2558 eddi

160 2579 223 2645 VII
256 2580 305 2644 Ex
334 2578 516 2644 Aristotelis
548 2579 646 2661 libro,
680 2581 736 2662 qui
765 2578 862 2664 <crept
889 2584 1034 2665 μνήμης)

93 2672 232 2754 scriptus
260 2674 321 2751 est,
349 2670 478 2754 cognita
506 2673 701 2752 acceptaque
730 2670 768 2733 de
796 2673 911 2733 natura
940 2691 1034 2735 mem‹

94 2764 126 2823 et
148 2760 274 2843 habitu3
298 2763 394 2841 etque
415 2758 495 2821 inibi
514 2758 577 2820 alia
596 2758 752 2840 quaedam
771 2758 810 2821 de
829 2759 1034 2823 exuberantia

93 2850 225 2913 interitu
249 2850 316 2912 eius
341 2848 424 2911 lecta
448 2846 628 2929 auditaque.

160 2936 240 3001 VIII
263 2935 347 3012 Quid
366 2936 445 3000 mihi
464 2958 525 2999 usu
545 2935 675 3015 venerit,
695 2936 899 3018 Interpretari
913 2939 947 2999 et
962 2958 1034 3020 quar

94 3026 216 3110 fingere
230 3024 351 3088 volenti
365 3026 454 3088 locos
469 3024 625 3106 quosdam
636 3022 819 3087 Platonicos
830 3023 947 3088 Latina
960 3030 1034 3089 orat

162 3111 208 3176 IX
245 3110 339 3187 Quod
370 3112 612 3196 Theophrastus
650 3110 863 3195 philosophus
899 3114 1006 3177 omnis

95 3203 208 3266 aetatis
235 3202 482 3265 facundissimus
511 3201 608 3265 verba
635 3222 738 3284 pauca
765 3200 806 3265 ad
834 3199 1034 3284 populuml

95 3291 239 3354 niensem
253 3290 397 3354 facturus
412 3291 599 3354 deturbatus
615 3289 804 3353 verecundia
814 3288 1002 3373 obticuerit3
1015 3312 1034 3374 q

96 3400 158 3462 que
177 3379 261 3442 idem
280 3376 343 3441 hoc
356 3378 566 3442 Demostheni
586 3379 671 3462 apud
687 3377 873 3462 Philippum
894 3400 1034 3464 regemv

95 3468 226 3532 facienti
250 3468 398 3531 evenerit.

163 3555 193 3620 X
217 3554 326 3633 Qualis
347 3554 426 3619 mihi
445 3555 595 3619 fueritin
615 3556 734 3639 oppido
748 3553 903 3619 Eleusino
923 3555 1032 3640 discep

97 3665 171 3709 cum
186 3645 396 3731 grammatico
412 3643 550 3727 quodam
565 3645 777 3728 praestigioso
787 3645 1034 3727 temporevorbc

98 3739 131 3798 et
157 3734 295 3818 puerilia
323 3733 551 3798 meditamenta
579 3735 760 3818 ignorante,
788 3737 984 3797 remotarum
1007 3755 1034 3797 ar

98 3823 322 3905 quaestionum
354 3820 488 3887 nebulas
521 3827 553 3884 et
582 3821 768 3886 formidines
798 3821 960 3906 capiendis
987 3823 1034 3885 im

98 3916 204 3976 torum
229 3912 345 3977 animis
369 3914 558 3976 ostentante.
