2144 4328
498 564 547 617 ιι
988 568 1032 634 45

10 754 18 795 ι
47 753 68 794 a
101 729 262 814 perfidia
297 732 333 791 et
364 728 460 811 culpa
494 749 560 790 non
591 727 762 794 abhorreat
793 730 828 794 in
859 732 970 796 eadem
999 755 1033 797 re

10 821 168 902 idemque
193 824 356 900 tempore
380 817 479 899 inque
501 818 663 881 communi
680 819 822 904 negotio,
846 821 933 903 quod
952 821 1032 885 mihi

10 911 150 995 ptimum
182 907 285 971 factu
311 905 475 987 duxerim,
504 905 663 969 diversum
686 907 756 970 eius
778 908 851 971 aliis
874 910 1032 974 suasisse’

52 996 98 1061 ltt-
122 997 185 1060 hic
210 1000 330 1059 autem
350 992 477 1075 Chilo,
500 995 702 1076 praestabilis
724 995 823 1059 homo
848 999 1032 1099 sapientiae,
1065 1018 1072 1056 z

10 1108 134 1171 ponam
170 1105 286 1167 nsque
320 1083 468 1147 debuerit
499 1088 610 1147 contra
640 1085 746 1173 legem
771 1088 990 1184 contraque
982 1109 1032 1149 1us

10 1196 52 1257 nn
69 1176 184 1238 amico
204 1172 374 1273 progredi,
393 1172 553 1235 dubitavit
539 1176 681 1255 tcaque
699 1194 750 1236 res
768 1172 803 1236 in
821 1173 885 1237 fine
904 1194 1033 1256 quoque

10 1252 80 1329 'rino
108 1264 188 1346 ipso
218 1262 369 1324 animum
397 1261 466 1324 eius
493 1222 597 1342 antiit,
625 1263 658 1324 et
685 1261 741 1323 alii
765 1260 914 1345 deinceps
937 1263 1032 1325 multi
1066 1285 1071 1301 ·

10 1350 234 1437 philosophiae
269 1354 457 1429 sectatores,
489 1351 566 1412 ut
558 1372 592 1412 m
617 1349 709 1412 libris
738 1369 848 1413 eorum
876 1351 1032 1432 scriptum

10 1446 64 1519 Ιι,
93 1441 179 1503 satis
209 1438 368 1520 inquisite
395 1439 537 1520 satisque
564 1437 702 1501 sollicite
730 1439 968 1520 quaesiverunt,
997 1441 1033 1501 ut

10 1529 125 1612 mhis,
153 1548 243 1610 qnae
267 1526 389 1609 scripte
412 1530 495 1607 sunt,
518 1526 596 1608 ipsis
620 1531 704 1606 utar,
728 1527 758 1590 si
786 1526 847 1589 δεῖ
867 1528 1032 1607 βοηθεῖν

10 1627 59 1703 τῷ
84 1621 193 1702 φίλῳ
220 1616 326 1697 παρὰ
353 1616 395 1678 τὸ
422 1615 578 1678 δίκαιον
600 1613 664 1678 καὶ
688 1613 800 1697 μέχρι
823 1616 948 1678 πόσου
971 1615 1033 1677 και

12 1718 109 1769 :ota
152 1703 204 1768 Ea
226 1703 326 1767 verba
349 1703 533 1788 significant
551 1704 712 1785 quaesisse
731 1724 795 1784 eos,
818 1724 860 1765 an
878 1723 1034 1764 nonnum-

16 1814 108 1877 quam
131 1798 249 1857 contra
272 1793 322 1855 ius
344 1796 494 1855 contrave
513 1813 634 1855 morem
653 1791 835 1855 faciendum
853 1811 913 1874 pro
932 1791 1034 1853 amico

19 1882 59 1947 ιι
74 1888 106 1947 et
123 1883 161 1945 in
181 1881 333 1963 qualibus
352 1881 456 1944 causis
475 1885 507 1944 et
525 1902 697 1963 quemnam
716 1902 817 1962 nsque
836 1879 877 1942 ad
895 1880 1034 1942 modum.

10 2020 12 2027 .
82 1969 189 2054 Super
220 1970 281 2032 hac
314 1970 500 2051 quaestione
533 1990 605 2032 cum
638 1969 678 2032 ab
711 1968 795 2047 aliis,
832 1969 927 2031 sicuti
960 1968 1072 2049 dixi,1=

25 2060 141 2140 multis,
174 2064 245 2121 tum
276 2059 330 2121 vel
363 2058 605 2142 diligentissime
633 2080 651 2120 a
679 2056 945 2140 Theophrasto
975 2058 1035 2119 dis-

28 2153 162 2228 putatur,
189 2148 258 2209 siro
282 2148 316 2209 in
339 2145 545 2229 philosophia
569 2147 777 2229 peripatetica
800 2146 1035 2209 modestissimo

31 2234 282 2317 doctissimoque,
315 2256 415 2316 eaque
448 2236 623 2318 disputatio
656 2236 775 2317 scripta
803 2239 864 2313 est,
897 2235 923 2297 si
952 2240 1036 2297 recte

33 2326 232 2404 meminimus,
251 2325 289 2386 in
307 2324 409 2386 libro
429 2326 510 2387 eius
529 2325 571 2387 de
590 2324 762 2387 amicitia
781 2324 912 2406 primo.
952 2322 1061 2384 Ειιιιιι

10 2411 138 2476 alibrum
167 2412 208 2476 ll.
235 2412 368 2475 Cicero
397 2413 522 2476 videtur
548 2413 678 2496 legisse,
711 2433 783 2475 cum
812 2413 880 2494 ipse
910 2433 1037 2492 quoque

39 2500 138 2564 librum
167 2502 210 2565 de
237 2502 411 2564 amicitia
439 2506 653 2583 componeret.
700 2499 744 2563 Et
772 2506 876 2563 cetera
900 2500 1039 2582 quidem,

42 2607 105 2668 qnae
130 2590 282 2653 sumenda
311 2613 330 2652 a
354 2588 620 2672 Theophrasto
649 2589 859 2669 existimavit,
887 2594 924 2651 ut
951 2590 1038 2671 inge-

45 2676 112 2739 nium
130 2679 342 2760 facundiaque
361 2679 428 2741 eius
447 2679 518 2756 fuit,
537 2679 674 2760 sumpsit
661 2682 757 2740 ttet
743 2677 941 2759 transposuit
955 2697 1039 2739 com-

48 2766 203 2830 modissime
231 2768 475 2849 aptissimeque;
506 2729 592 2829 hunc
619 2789 660 2828 au
662 2771 727 2829 tem
755 2767 877 2846 locum,
908 2765 946 2827 de
975 2781 1063 2845 quot

23 2855 104 2916 satis
125 2857 303 2938 quaesitum
328 2877 396 2917 esse
415 2855 491 2935 dixi,
515 2856 658 2917 omnium
676 2877 784 2917 rerum
803 2815 938 2916 aliaium
958 2852 1039 2914 diffi-

53 2940 216 3007 altmarus
218 2944 340 3007 trictim
363 2966 382 3005 a
383 2950 460 3026 tque
483 2944 600 3006 cursim
619 2949 837 3027 transgressus
857 2946 1039 3023 estusque

55 3046 181 3113 &quae
204 3056 223 3095 a
246 3031 512 3114 Theophrasto
537 3032 733 3132 pensiculate
757 3036 853 3112 atque
876 2992 1040 3093 eriucleate

57 3079 144 3201 uiipta
169 3126 257 3195 sunt
286 3126 438 3184 executus
461 3125 523 3201 est,
551 3122 606 3183 sed
630 3120 1040 3217 anxietattateillaetquasi

58 3209 209 3272 morositate
237 3210 465 3292 disputationis
494 3209 716 3361 praetermissa
742 3229 842 3292 genus
865 3209 971 3291 ipsum
995 3209 1041 3269 rei

39 3290 151 3359 rtrum
179 3298 289 3380 paucis
318 3298 423 3361 verbis
451 3303 508 3361 not
509 3298 582 3361 avit.
561 3295 679 3361 tEa
707 3296 803 3359 verba
832 3294 1043 3375 Ciceronis,

63 3396 252 3449 trecensere
290 3387 362 3467 quis
400 3388 508 3467 vellet,
545 3384 681 3469 apposui
714 3385 843 3461 (XVII
868 3390 936 3459 61);
975 3383 1044 3447 His

64 3469 151 3549 igitur
176 3475 322 3538 finibus
350 3480 390 3538 ut
376 3437 531 3539 tenduin
558 3497 640 3538 esse
667 3474 769 3537 arbit
755 3479 850 3554 t,ror
880 3479 934 3552 ut,
962 3494 1045 3535 cum

65 3538 216 3627 theodati
244 3586 366 3627 mores
395 3565 601 3628 amicorum
630 3569 731 3644 sunt,
761 3567 841 3625 tum
869 3563 920 3624 sit
944 3562 1045 3624 inter

66 3653 290 3716 tosomninm
323 3675 461 3734 rerum,
499 3614 764 3732 consilioruin,
801 3651 980 3713 voluntat
967 3654 1046 3711 tum

73 3767 248 3788 5——

114 3859 1049 3939 ‚adquiescentem1127achonensissimosesr.ra,1

69 3924 260 4001 acervat?
278 3934 389 4003 pensim
408 3935 448 4004 βι
462 3940 495 3986 33
514 3902 572 3987 sint
592 3933 646 3988 Oic
